timestamp,price,volume
2025-07-10 09:16:37+05:30,41.15,225
2025-07-10 09:16:37+05:30,41.0,75
2025-07-10 09:16:38+05:30,40.65,75
2025-07-10 09:16:39+05:30,40.7,75
2025-07-10 09:16:39+05:30,41.45,75
2025-07-10 09:16:40+05:30,40.8,75
2025-07-10 09:16:41+05:30,41.3,75
2025-07-10 09:16:41+05:30,41.35,75
2025-07-10 09:16:42+05:30,41.75,150
2025-07-10 09:16:42+05:30,40.55,75
2025-07-10 09:16:43+05:30,40.85,150
2025-07-10 09:16:44+05:30,40.65,75
2025-07-10 09:16:44+05:30,40.9,75
2025-07-10 09:16:45+05:30,40.55,75
2025-07-10 09:16:46+05:30,41.05,75
2025-07-10 09:16:46+05:30,41.1,75
2025-07-10 09:16:47+05:30,40.4,150
2025-07-10 09:16:47+05:30,40.85,75
2025-07-10 09:16:48+05:30,41.0,150
2025-07-10 09:16:49+05:30,40.85,150
2025-07-10 09:16:49+05:30,40.75,300
2025-07-10 09:16:50+05:30,40.3,75
2025-07-10 09:16:51+05:30,39.5,150
2025-07-10 09:16:51+05:30,39.6,75
2025-07-10 09:16:52+05:30,39.75,75
2025-07-10 09:16:52+05:30,39.95,75
2025-07-10 09:16:53+05:30,39.8,150
2025-07-10 09:16:54+05:30,40.35,150
2025-07-10 09:16:54+05:30,40.75,150
2025-07-10 09:16:55+05:30,40.7,225
2025-07-10 09:16:56+05:30,40.35,75
2025-07-10 09:16:56+05:30,40.25,75
2025-07-10 09:16:56+05:30,40.25,75
2025-07-10 09:16:57+05:30,40.4,300
2025-07-10 09:16:57+05:30,40.35,150
2025-07-10 09:16:58+05:30,40.6,150
2025-07-10 09:16:59+05:30,40.7,75
2025-07-10 09:16:59+05:30,40.6,150
2025-07-10 09:17:00+05:30,40.6,150
2025-07-10 09:17:00+05:30,40.7,225
2025-07-10 09:17:01+05:30,41.3,75
2025-07-10 09:17:01+05:30,41.25,75
2025-07-10 09:17:02+05:30,40.55,75
2025-07-10 09:17:03+05:30,41.65,75
2025-07-10 09:17:04+05:30,40.85,75
2025-07-10 09:17:04+05:30,41.2,75
2025-07-10 09:17:05+05:30,40.9,75
2025-07-10 09:17:06+05:30,40.7,150
2025-07-10 09:17:06+05:30,40.7,150
2025-07-10 09:17:07+05:30,40.45,300
2025-07-10 09:17:07+05:30,40.15,75
2025-07-10 09:17:08+05:30,39.05,225
2025-07-10 09:17:09+05:30,39.7,75
2025-07-10 09:17:09+05:30,39.55,75
2025-07-10 09:17:10+05:30,38.55,75
2025-07-10 09:17:11+05:30,38.95,75
2025-07-10 09:17:11+05:30,38.95,150
2025-07-10 09:17:12+05:30,39.5,75
2025-07-10 09:17:12+05:30,40.5,150
2025-07-10 09:17:13+05:30,40.85,150
2025-07-10 09:17:14+05:30,39.75,150
2025-07-10 09:17:14+05:30,40.0,150
2025-07-10 09:17:15+05:30,39.45,225
2025-07-10 09:17:16+05:30,39.55,150
2025-07-10 09:17:16+05:30,39.55,75
2025-07-10 09:17:17+05:30,39.3,75
2025-07-10 09:17:17+05:30,39.15,75
2025-07-10 09:17:18+05:30,39.3,375
2025-07-10 09:17:19+05:30,39.35,225
2025-07-10 09:17:19+05:30,39.5,75
2025-07-10 09:17:20+05:30,40.15,375
2025-07-10 09:17:21+05:30,40.3,375
2025-07-10 09:17:21+05:30,40.4,75
2025-07-10 09:17:22+05:30,40.85,75
2025-07-10 09:17:22+05:30,41.25,75
2025-07-10 09:17:23+05:30,41.25,675
2025-07-10 09:17:24+05:30,41.05,75
2025-07-10 09:17:24+05:30,41.0,150
2025-07-10 09:17:25+05:30,40.3,225
2025-07-10 09:17:26+05:30,41.05,75
2025-07-10 09:17:26+05:30,41.1,900
2025-07-10 09:17:27+05:30,41.6,75
2025-07-10 09:17:27+05:30,41.7,375
2025-07-10 09:17:28+05:30,41.45,150
2025-07-10 09:17:29+05:30,42.15,150
2025-07-10 09:17:29+05:30,42.25,225
2025-07-10 09:17:30+05:30,42.25,225
2025-07-10 09:17:30+05:30,42.25,75
2025-07-10 09:17:31+05:30,42.6,75
2025-07-10 09:17:31+05:30,42.65,75
2025-07-10 09:17:32+05:30,43.15,75
2025-07-10 09:17:32+05:30,41.95,75
2025-07-10 09:17:33+05:30,42.05,75
2025-07-10 09:17:34+05:30,41.85,75
2025-07-10 09:17:34+05:30,41.9,150
2025-07-10 09:17:35+05:30,41.4,75
2025-07-10 09:17:36+05:30,42.2,75
2025-07-10 09:17:36+05:30,42.05,75
2025-07-10 09:17:37+05:30,42.05,225
2025-07-10 09:17:38+05:30,43.0,75
2025-07-10 09:17:38+05:30,43.35,75
2025-07-10 09:17:39+05:30,43.35,75
2025-07-10 09:17:39+05:30,43.05,75
2025-07-10 09:17:39+05:30,43.15,75
2025-07-10 09:17:40+05:30,42.3,150
2025-07-10 09:17:41+05:30,42.2,75
2025-07-10 09:17:41+05:30,42.4,75
2025-07-10 09:17:42+05:30,42.8,75
2025-07-10 09:17:43+05:30,43.85,75
2025-07-10 09:17:43+05:30,44.0,75
2025-07-10 09:17:44+05:30,43.2,75
2025-07-10 09:17:44+05:30,42.65,225
2025-07-10 09:17:45+05:30,42.8,75
2025-07-10 09:17:46+05:30,43.3,75
2025-07-10 09:17:46+05:30,43.4,75
2025-07-10 09:17:47+05:30,44.0,150
2025-07-10 09:17:48+05:30,44.75,75
2025-07-10 09:17:48+05:30,44.35,75
2025-07-10 09:17:49+05:30,43.75,750
2025-07-10 09:17:49+05:30,44.0,75
2025-07-10 09:17:50+05:30,44.55,150
2025-07-10 09:17:51+05:30,44.8,75
2025-07-10 09:17:51+05:30,44.6,75
2025-07-10 09:17:52+05:30,45.0,75
2025-07-10 09:17:53+05:30,45.15,150
2025-07-10 09:17:53+05:30,45.4,75
2025-07-10 09:17:54+05:30,46.5,75
2025-07-10 09:17:54+05:30,46.8,150
2025-07-10 09:17:55+05:30,45.75,150
2025-07-10 09:17:56+05:30,45.7,75
2025-07-10 09:17:56+05:30,45.7,150
2025-07-10 09:17:57+05:30,45.6,150
2025-07-10 09:17:58+05:30,45.85,150
2025-07-10 09:17:58+05:30,45.25,75
2025-07-10 09:17:59+05:30,43.9,150
2025-07-10 09:17:59+05:30,43.15,75
2025-07-10 09:18:00+05:30,43.15,75
2025-07-10 09:18:00+05:30,43.65,225
2025-07-10 09:18:01+05:30,44.35,75
2025-07-10 09:18:01+05:30,44.7,225
2025-07-10 09:18:02+05:30,44.0,300
2025-07-10 09:18:03+05:30,44.25,225
2025-07-10 09:18:03+05:30,44.3,225
2025-07-10 09:18:04+05:30,44.0,150
2025-07-10 09:18:04+05:30,44.1,150
2025-07-10 09:18:05+05:30,43.9,75
2025-07-10 09:18:06+05:30,43.7,75
2025-07-10 09:18:06+05:30,43.9,150
2025-07-10 09:18:07+05:30,44.05,75
2025-07-10 09:18:08+05:30,43.55,300
2025-07-10 09:18:08+05:30,43.25,150
2025-07-10 09:18:09+05:30,43.0,150
2025-07-10 09:18:09+05:30,43.25,75
2025-07-10 09:18:10+05:30,43.25,150
2025-07-10 09:18:11+05:30,42.65,150
2025-07-10 09:18:11+05:30,42.8,225
2025-07-10 09:18:12+05:30,42.65,75
2025-07-10 09:18:13+05:30,42.95,75
2025-07-10 09:18:13+05:30,42.8,75
2025-07-10 09:18:14+05:30,42.7,75
2025-07-10 09:18:14+05:30,42.65,150
2025-07-10 09:18:15+05:30,41.75,75
2025-07-10 09:18:16+05:30,41.35,75
2025-07-10 09:18:16+05:30,41.5,75
2025-07-10 09:18:17+05:30,41.05,75
2025-07-10 09:18:18+05:30,40.65,150
2025-07-10 09:18:18+05:30,40.7,75
2025-07-10 09:18:19+05:30,40.5,75
2025-07-10 09:18:19+05:30,40.05,75
2025-07-10 09:18:20+05:30,39.0,75
2025-07-10 09:18:21+05:30,39.3,75
2025-07-10 09:18:21+05:30,39.25,75
2025-07-10 09:18:22+05:30,39.85,600
2025-07-10 09:18:23+05:30,39.5,75
2025-07-10 09:18:23+05:30,40.2,150
2025-07-10 09:18:24+05:30,39.35,75
2025-07-10 09:18:24+05:30,39.15,75
2025-07-10 09:18:25+05:30,39.3,150
2025-07-10 09:18:26+05:30,39.2,75
2025-07-10 09:18:26+05:30,39.0,75
2025-07-10 09:18:27+05:30,39.2,225
2025-07-10 09:18:28+05:30,39.35,75
2025-07-10 09:18:28+05:30,39.55,150
2025-07-10 09:18:29+05:30,39.3,75
2025-07-10 09:18:29+05:30,39.0,150
2025-07-10 09:18:30+05:30,39.0,150
2025-07-10 09:18:30+05:30,38.9,75
2025-07-10 09:18:31+05:30,38.35,75
2025-07-10 09:18:31+05:30,38.2,525
2025-07-10 09:18:32+05:30,38.25,75
2025-07-10 09:18:33+05:30,37.7,75
2025-07-10 09:18:33+05:30,38.0,225
2025-07-10 09:18:34+05:30,37.6,150
2025-07-10 09:18:34+05:30,37.35,75
2025-07-10 09:18:35+05:30,37.1,225
2025-07-10 09:18:36+05:30,36.7,150
2025-07-10 09:18:36+05:30,36.5,150
2025-07-10 09:18:37+05:30,36.7,75
2025-07-10 09:18:38+05:30,37.2,75
2025-07-10 09:18:38+05:30,37.55,75
2025-07-10 09:18:39+05:30,37.1,75
2025-07-10 09:18:39+05:30,37.2,75
2025-07-10 09:18:40+05:30,37.1,75
2025-07-10 09:18:41+05:30,37.5,75
2025-07-10 09:18:41+05:30,37.45,150
2025-07-10 09:18:42+05:30,38.65,75
2025-07-10 09:18:43+05:30,38.25,150
2025-07-10 09:18:43+05:30,38.15,75
2025-07-10 09:18:44+05:30,38.3,75
2025-07-10 09:18:44+05:30,37.85,225
2025-07-10 09:18:45+05:30,37.5,75
2025-07-10 09:18:46+05:30,37.6,150
2025-07-10 09:18:46+05:30,37.6,75
2025-07-10 09:18:47+05:30,37.95,75
2025-07-10 09:18:48+05:30,36.4,150
2025-07-10 09:18:48+05:30,36.2,75
2025-07-10 09:18:49+05:30,37.1,150
2025-07-10 09:18:49+05:30,36.7,75
2025-07-10 09:18:50+05:30,36.8,375
2025-07-10 09:18:51+05:30,36.6,75
2025-07-10 09:18:51+05:30,36.8,600
2025-07-10 09:18:52+05:30,36.65,75
2025-07-10 09:18:53+05:30,37.15,75
2025-07-10 09:18:53+05:30,37.0,150
2025-07-10 09:18:54+05:30,37.05,75
2025-07-10 09:18:54+05:30,37.05,75
2025-07-10 09:18:55+05:30,37.05,75
2025-07-10 09:18:55+05:30,37.3,75
2025-07-10 09:18:56+05:30,37.25,75
2025-07-10 09:18:56+05:30,37.25,300
2025-07-10 09:18:57+05:30,37.5,225
2025-07-10 09:18:58+05:30,37.2,150
2025-07-10 09:18:58+05:30,37.05,75
2025-07-10 09:18:59+05:30,37.95,75
2025-07-10 09:18:59+05:30,37.95,525
2025-07-10 09:19:00+05:30,37.95,525
2025-07-10 09:19:00+05:30,37.25,150
2025-07-10 09:19:01+05:30,36.75,75
2025-07-10 09:19:01+05:30,36.6,75
2025-07-10 09:19:02+05:30,36.8,150
2025-07-10 09:19:03+05:30,36.9,75
2025-07-10 09:19:03+05:30,37.2,75
2025-07-10 09:19:04+05:30,38.0,75
2025-07-10 09:19:04+05:30,38.1,150
2025-07-10 09:19:05+05:30,37.7,75
2025-07-10 09:19:06+05:30,37.5,75
2025-07-10 09:19:06+05:30,37.3,150
2025-07-10 09:19:07+05:30,37.05,150
2025-07-10 09:19:08+05:30,37.1,75
2025-07-10 09:19:08+05:30,37.3,375
2025-07-10 09:19:09+05:30,36.6,75
2025-07-10 09:19:09+05:30,36.65,75
2025-07-10 09:19:10+05:30,36.95,75
2025-07-10 09:19:11+05:30,36.6,75
2025-07-10 09:19:11+05:30,36.65,75
2025-07-10 09:19:12+05:30,36.85,75
2025-07-10 09:19:13+05:30,37.45,75
2025-07-10 09:19:13+05:30,37.65,75
2025-07-10 09:19:14+05:30,38.0,75
2025-07-10 09:19:14+05:30,38.45,75
2025-07-10 09:19:15+05:30,38.6,375
2025-07-10 09:19:16+05:30,38.95,75
2025-07-10 09:19:16+05:30,38.85,75
2025-07-10 09:19:17+05:30,38.15,150
2025-07-10 09:19:18+05:30,38.15,75
2025-07-10 09:19:18+05:30,37.9,75
2025-07-10 09:19:19+05:30,37.9,75
2025-07-10 09:19:19+05:30,37.25,150
2025-07-10 09:19:19+05:30,37.5,225
2025-07-10 09:19:20+05:30,37.6,75
2025-07-10 09:19:21+05:30,37.8,150
2025-07-10 09:19:21+05:30,37.65,75
2025-07-10 09:19:22+05:30,38.8,75
2025-07-10 09:19:23+05:30,39.0,75
2025-07-10 09:19:23+05:30,39.05,225
2025-07-10 09:19:24+05:30,39.2,300
2025-07-10 09:19:24+05:30,39.2,75
2025-07-10 09:19:25+05:30,39.5,225
2025-07-10 09:19:26+05:30,38.85,300
2025-07-10 09:19:26+05:30,38.8,75
2025-07-10 09:19:27+05:30,38.6,75
2025-07-10 09:19:28+05:30,38.5,75
2025-07-10 09:19:28+05:30,38.55,75
2025-07-10 09:19:29+05:30,38.35,75
2025-07-10 09:19:29+05:30,38.35,75
2025-07-10 09:19:30+05:30,38.35,75
2025-07-10 09:19:30+05:30,38.15,75
2025-07-10 09:19:31+05:30,37.9,150
2025-07-10 09:19:31+05:30,37.9,75
2025-07-10 09:19:32+05:30,37.9,300
2025-07-10 09:19:33+05:30,37.8,75
2025-07-10 09:19:33+05:30,37.85,75
2025-07-10 09:19:34+05:30,37.7,75
2025-07-10 09:19:34+05:30,37.75,75
2025-07-10 09:19:35+05:30,38.05,150
2025-07-10 09:19:36+05:30,37.8,75
2025-07-10 09:19:36+05:30,37.75,225
2025-07-10 09:19:37+05:30,37.45,75
2025-07-10 09:19:38+05:30,37.75,75
2025-07-10 09:19:38+05:30,37.65,75
2025-07-10 09:19:39+05:30,37.35,825
2025-07-10 09:19:39+05:30,37.15,75
2025-07-10 09:19:40+05:30,37.0,75
2025-07-10 09:19:41+05:30,37.2,150
2025-07-10 09:19:41+05:30,37.2,75
2025-07-10 09:19:42+05:30,36.7,75
2025-07-10 09:19:43+05:30,36.25,75
2025-07-10 09:19:43+05:30,36.2,75
2025-07-10 09:19:44+05:30,36.2,150
2025-07-10 09:19:44+05:30,36.0,75
2025-07-10 09:19:45+05:30,36.55,450
2025-07-10 09:19:46+05:30,36.15,375
2025-07-10 09:19:46+05:30,36.0,150
2025-07-10 09:19:47+05:30,36.25,150
2025-07-10 09:19:48+05:30,36.05,75
2025-07-10 09:19:48+05:30,36.2,75
2025-07-10 09:19:49+05:30,36.85,450
2025-07-10 09:19:49+05:30,36.6,75
2025-07-10 09:19:50+05:30,35.8,150
2025-07-10 09:19:51+05:30,35.95,150
2025-07-10 09:19:51+05:30,35.9,75
2025-07-10 09:19:52+05:30,36.0,150
2025-07-10 09:19:53+05:30,35.7,75
2025-07-10 09:19:53+05:30,35.4,75
2025-07-10 09:19:54+05:30,36.0,75
2025-07-10 09:19:54+05:30,36.25,75
2025-07-10 09:19:55+05:30,35.7,75
2025-07-10 09:19:56+05:30,36.0,75
2025-07-10 09:19:56+05:30,35.85,75
2025-07-10 09:19:57+05:30,35.65,75
2025-07-10 09:19:58+05:30,35.05,75
2025-07-10 09:19:58+05:30,35.0,75
2025-07-10 09:19:59+05:30,35.2,150
2025-07-10 09:19:59+05:30,35.5,75
2025-07-10 09:20:00+05:30,35.5,75
2025-07-10 09:20:00+05:30,34.8,75
2025-07-10 09:20:01+05:30,34.6,75
2025-07-10 09:20:01+05:30,34.5,150
2025-07-10 09:20:02+05:30,34.6,75
2025-07-10 09:20:03+05:30,34.75,75
2025-07-10 09:20:03+05:30,35.1,75
2025-07-10 09:20:04+05:30,34.8,75
2025-07-10 09:20:04+05:30,34.15,75
2025-07-10 09:20:05+05:30,34.55,75
2025-07-10 09:20:06+05:30,35.65,300
2025-07-10 09:20:06+05:30,35.8,75
2025-07-10 09:20:07+05:30,35.7,75
2025-07-10 09:20:08+05:30,35.25,150
2025-07-10 09:20:08+05:30,35.1,75
2025-07-10 09:20:09+05:30,34.8,75
2025-07-10 09:20:09+05:30,35.15,300
2025-07-10 09:20:10+05:30,35.25,75
2025-07-10 09:20:11+05:30,35.15,75
2025-07-10 09:20:11+05:30,35.0,150
2025-07-10 09:20:12+05:30,35.15,375
2025-07-10 09:20:13+05:30,35.55,75
2025-07-10 09:20:13+05:30,35.45,75
2025-07-10 09:20:14+05:30,35.1,75
2025-07-10 09:20:15+05:30,34.65,150
2025-07-10 09:20:16+05:30,34.75,75
2025-07-10 09:20:16+05:30,34.85,75
2025-07-10 09:20:17+05:30,35.0,225
2025-07-10 09:20:18+05:30,34.3,75
2025-07-10 09:20:18+05:30,33.3,75
2025-07-10 09:20:19+05:30,32.75,75
2025-07-10 09:20:19+05:30,33.1,225
2025-07-10 09:20:20+05:30,32.7,75
2025-07-10 09:20:21+05:30,32.65,75
2025-07-10 09:20:21+05:30,32.6,150
2025-07-10 09:20:22+05:30,32.8,75
2025-07-10 09:20:23+05:30,32.9,75
2025-07-10 09:20:23+05:30,33.2,750
2025-07-10 09:20:24+05:30,33.35,75
2025-07-10 09:20:24+05:30,33.35,75
2025-07-10 09:20:25+05:30,33.5,75
2025-07-10 09:20:26+05:30,33.2,450
2025-07-10 09:20:26+05:30,33.2,150
2025-07-10 09:20:27+05:30,33.05,75
2025-07-10 09:20:28+05:30,33.1,75
2025-07-10 09:20:28+05:30,33.3,75
2025-07-10 09:20:29+05:30,32.95,75
2025-07-10 09:20:29+05:30,32.9,75
2025-07-10 09:20:30+05:30,32.9,75
2025-07-10 09:20:30+05:30,32.6,225
2025-07-10 09:20:31+05:30,32.65,150
2025-07-10 09:20:31+05:30,32.75,150
2025-07-10 09:20:32+05:30,32.85,75
2025-07-10 09:20:33+05:30,33.05,75
2025-07-10 09:20:33+05:30,33.45,75
2025-07-10 09:20:34+05:30,33.8,300
2025-07-10 09:20:34+05:30,33.85,75
2025-07-10 09:20:35+05:30,34.05,75
2025-07-10 09:20:36+05:30,34.25,75
2025-07-10 09:20:36+05:30,34.4,225
2025-07-10 09:20:37+05:30,34.55,75
2025-07-10 09:20:38+05:30,33.95,75
2025-07-10 09:20:38+05:30,34.2,75
2025-07-10 09:20:39+05:30,34.0,75
2025-07-10 09:20:39+05:30,33.8,75
2025-07-10 09:20:40+05:30,33.45,75
2025-07-10 09:20:41+05:30,33.7,75
2025-07-10 09:20:41+05:30,33.7,150
2025-07-10 09:20:42+05:30,33.4,75
2025-07-10 09:20:43+05:30,33.2,300
2025-07-10 09:20:43+05:30,33.4,225
2025-07-10 09:20:44+05:30,33.2,75
2025-07-10 09:20:44+05:30,33.15,75
2025-07-10 09:20:45+05:30,32.6,75
2025-07-10 09:20:46+05:30,32.35,75
2025-07-10 09:20:46+05:30,32.5,75
2025-07-10 09:20:47+05:30,32.15,75
2025-07-10 09:20:48+05:30,32.85,75
2025-07-10 09:20:48+05:30,33.15,75
2025-07-10 09:20:49+05:30,33.6,75
2025-07-10 09:20:49+05:30,33.6,150
2025-07-10 09:20:50+05:30,33.35,150
2025-07-10 09:20:51+05:30,33.4,75
2025-07-10 09:20:51+05:30,33.75,75
2025-07-10 09:20:52+05:30,33.6,75
2025-07-10 09:20:53+05:30,33.85,75
2025-07-10 09:20:53+05:30,34.1,225
2025-07-10 09:20:54+05:30,33.85,75
2025-07-10 09:20:54+05:30,33.9,75
2025-07-10 09:20:55+05:30,33.95,375
2025-07-10 09:20:56+05:30,33.95,75
2025-07-10 09:20:56+05:30,34.15,75
2025-07-10 09:20:57+05:30,33.95,75
2025-07-10 09:20:58+05:30,34.2,225
2025-07-10 09:20:58+05:30,34.2,75
2025-07-10 09:20:59+05:30,33.85,525
2025-07-10 09:20:59+05:30,33.2,75
2025-07-10 09:21:00+05:30,33.2,75
2025-07-10 09:21:00+05:30,33.45,75
2025-07-10 09:21:01+05:30,33.25,75
2025-07-10 09:21:01+05:30,33.65,75
2025-07-10 09:21:02+05:30,33.7,75
2025-07-10 09:21:03+05:30,33.7,75
2025-07-10 09:21:03+05:30,33.5,75
2025-07-10 09:21:04+05:30,34.05,450
2025-07-10 09:21:04+05:30,34.35,75
2025-07-10 09:21:05+05:30,34.05,75
2025-07-10 09:21:06+05:30,33.4,225
2025-07-10 09:21:06+05:30,33.75,75
2025-07-10 09:21:07+05:30,34.35,300
2025-07-10 09:21:08+05:30,34.4,225
2025-07-10 09:21:08+05:30,33.8,75
2025-07-10 09:21:09+05:30,33.7,150
2025-07-10 09:21:09+05:30,33.45,75
2025-07-10 09:21:10+05:30,33.15,525
2025-07-10 09:21:11+05:30,33.2,75
2025-07-10 09:21:11+05:30,33.3,75
2025-07-10 09:21:12+05:30,33.6,300
2025-07-10 09:21:13+05:30,33.55,75
2025-07-10 09:21:13+05:30,33.85,75
2025-07-10 09:21:14+05:30,33.8,75
2025-07-10 09:21:14+05:30,33.8,150
2025-07-10 09:21:15+05:30,33.4,75
2025-07-10 09:21:16+05:30,33.7,75
2025-07-10 09:21:16+05:30,33.8,300
2025-07-10 09:21:17+05:30,33.6,75
2025-07-10 09:21:18+05:30,33.8,150
2025-07-10 09:21:18+05:30,33.65,75
2025-07-10 09:21:19+05:30,33.75,75
2025-07-10 09:21:19+05:30,33.85,75
2025-07-10 09:21:20+05:30,33.5,75
2025-07-10 09:21:21+05:30,33.75,75
2025-07-10 09:21:21+05:30,33.65,75
2025-07-10 09:21:22+05:30,33.5,75
2025-07-10 09:21:23+05:30,33.45,150
2025-07-10 09:21:23+05:30,33.0,1575
2025-07-10 09:21:24+05:30,33.05,75
2025-07-10 09:21:24+05:30,32.85,75
2025-07-10 09:21:25+05:30,32.45,825
2025-07-10 09:21:26+05:30,32.7,150
2025-07-10 09:21:26+05:30,32.8,75
2025-07-10 09:21:27+05:30,33.05,75
2025-07-10 09:21:28+05:30,32.75,75
2025-07-10 09:21:28+05:30,31.8,225
2025-07-10 09:21:29+05:30,32.3,75
2025-07-10 09:21:29+05:30,32.1,75
2025-07-10 09:21:30+05:30,32.1,75
2025-07-10 09:21:30+05:30,31.55,75
2025-07-10 09:21:31+05:30,30.8,75
2025-07-10 09:21:31+05:30,30.95,75
2025-07-10 09:21:32+05:30,31.05,75
2025-07-10 09:21:33+05:30,30.85,75
2025-07-10 09:21:33+05:30,30.8,75
2025-07-10 09:21:34+05:30,30.95,75
2025-07-10 09:21:34+05:30,31.3,300
2025-07-10 09:21:35+05:30,31.0,75
2025-07-10 09:21:36+05:30,30.6,75
2025-07-10 09:21:36+05:30,30.75,75
2025-07-10 09:21:37+05:30,30.55,75
2025-07-10 09:21:38+05:30,30.75,75
2025-07-10 09:21:38+05:30,30.45,75
2025-07-10 09:21:39+05:30,29.85,75
2025-07-10 09:21:39+05:30,29.75,375
2025-07-10 09:21:40+05:30,29.8,150
2025-07-10 09:21:41+05:30,29.85,150
2025-07-10 09:21:41+05:30,30.0,150
2025-07-10 09:21:42+05:30,30.0,75
2025-07-10 09:21:43+05:30,30.0,150
2025-07-10 09:21:43+05:30,30.05,150
2025-07-10 09:21:44+05:30,30.15,75
2025-07-10 09:21:45+05:30,29.8,75
2025-07-10 09:21:46+05:30,30.0,75
2025-07-10 09:21:46+05:30,30.1,75
2025-07-10 09:21:47+05:30,30.35,150
2025-07-10 09:21:47+05:30,30.1,75
2025-07-10 09:21:48+05:30,30.1,75
2025-07-10 09:21:49+05:30,30.0,150
2025-07-10 09:21:49+05:30,30.05,75
2025-07-10 09:21:50+05:30,30.35,300
2025-07-10 09:21:51+05:30,30.65,75
2025-07-10 09:21:51+05:30,30.55,75
2025-07-10 09:21:52+05:30,30.75,75
2025-07-10 09:21:52+05:30,31.05,75
2025-07-10 09:21:53+05:30,31.05,75
2025-07-10 09:21:54+05:30,31.15,75
2025-07-10 09:21:54+05:30,31.1,300
2025-07-10 09:21:55+05:30,30.8,75
2025-07-10 09:21:55+05:30,30.8,75
2025-07-10 09:21:56+05:30,30.7,75
2025-07-10 09:21:56+05:30,30.5,75
2025-07-10 09:21:57+05:30,30.7,75
2025-07-10 09:21:57+05:30,30.7,75
2025-07-10 09:21:58+05:30,30.7,75
2025-07-10 09:21:59+05:30,30.55,75
2025-07-10 09:21:59+05:30,30.6,75
2025-07-10 09:22:00+05:30,30.6,75
2025-07-10 09:22:00+05:30,30.35,75
2025-07-10 09:22:01+05:30,30.45,75
2025-07-10 09:22:01+05:30,30.4,75
2025-07-10 09:22:02+05:30,30.6,150
2025-07-10 09:22:02+05:30,30.5,150
2025-07-10 09:22:03+05:30,30.5,1050
2025-07-10 09:22:04+05:30,30.9,75
2025-07-10 09:22:04+05:30,31.0,75
2025-07-10 09:22:05+05:30,31.05,75
2025-07-10 09:22:06+05:30,31.2,150
2025-07-10 09:22:06+05:30,31.35,75
2025-07-10 09:22:07+05:30,31.05,75
2025-07-10 09:22:07+05:30,31.05,75
2025-07-10 09:22:08+05:30,31.55,375
2025-07-10 09:22:09+05:30,31.65,75
2025-07-10 09:22:09+05:30,31.9,75
2025-07-10 09:22:10+05:30,31.8,75
2025-07-10 09:22:11+05:30,31.7,75
2025-07-10 09:22:11+05:30,31.75,150
2025-07-10 09:22:12+05:30,31.7,75
2025-07-10 09:22:12+05:30,31.6,75
2025-07-10 09:22:13+05:30,31.45,75
2025-07-10 09:22:14+05:30,31.4,225
2025-07-10 09:22:14+05:30,31.3,150
2025-07-10 09:22:15+05:30,31.05,75
2025-07-10 09:22:16+05:30,31.0,75
2025-07-10 09:22:16+05:30,31.0,300
2025-07-10 09:22:17+05:30,31.0,75
2025-07-10 09:22:17+05:30,31.15,450
2025-07-10 09:22:18+05:30,30.95,75
2025-07-10 09:22:19+05:30,31.0,675
2025-07-10 09:22:19+05:30,31.15,75
2025-07-10 09:22:20+05:30,31.15,300
2025-07-10 09:22:21+05:30,31.25,300
2025-07-10 09:22:21+05:30,31.35,150
2025-07-10 09:22:22+05:30,31.45,75
2025-07-10 09:22:23+05:30,31.5,150
2025-07-10 09:22:24+05:30,31.45,75
2025-07-10 09:22:24+05:30,31.3,300
2025-07-10 09:22:25+05:30,31.5,75
2025-07-10 09:22:26+05:30,31.5,150
2025-07-10 09:22:26+05:30,31.75,75
2025-07-10 09:22:27+05:30,31.55,525
2025-07-10 09:22:27+05:30,31.7,225
2025-07-10 09:22:28+05:30,31.9,75
2025-07-10 09:22:29+05:30,32.15,75
2025-07-10 09:22:29+05:30,32.0,75
2025-07-10 09:22:30+05:30,32.0,75
2025-07-10 09:22:30+05:30,31.85,300
2025-07-10 09:22:31+05:30,31.8,75
2025-07-10 09:22:31+05:30,31.85,150
2025-07-10 09:22:32+05:30,32.1,75
2025-07-10 09:22:32+05:30,32.05,150
2025-07-10 09:22:33+05:30,32.1,75
2025-07-10 09:22:34+05:30,32.1,225
2025-07-10 09:22:34+05:30,32.15,225
2025-07-10 09:22:35+05:30,32.15,300
2025-07-10 09:22:36+05:30,31.8,75
2025-07-10 09:22:36+05:30,31.95,150
2025-07-10 09:22:37+05:30,31.5,75
2025-07-10 09:22:37+05:30,31.45,150
2025-07-10 09:22:38+05:30,31.6,150
2025-07-10 09:22:39+05:30,31.8,75
2025-07-10 09:22:39+05:30,31.7,75
2025-07-10 09:22:40+05:30,31.0,300
2025-07-10 09:22:41+05:30,31.3,150
2025-07-10 09:22:41+05:30,31.3,75
2025-07-10 09:22:42+05:30,31.45,75
2025-07-10 09:22:42+05:30,31.5,75
2025-07-10 09:22:43+05:30,31.6,75
2025-07-10 09:22:44+05:30,31.7,75
2025-07-10 09:22:44+05:30,31.85,75
2025-07-10 09:22:45+05:30,31.7,225
2025-07-10 09:22:46+05:30,31.45,150
2025-07-10 09:22:46+05:30,31.25,75
2025-07-10 09:22:47+05:30,31.4,150
2025-07-10 09:22:47+05:30,31.35,75
2025-07-10 09:22:48+05:30,31.4,150
2025-07-10 09:22:49+05:30,31.1,75
2025-07-10 09:22:49+05:30,31.05,150
2025-07-10 09:22:50+05:30,30.15,75
2025-07-10 09:22:51+05:30,30.4,75
2025-07-10 09:22:51+05:30,30.35,75
2025-07-10 09:22:52+05:30,30.0,150
2025-07-10 09:22:52+05:30,30.2,675
2025-07-10 09:22:53+05:30,30.05,900
2025-07-10 09:22:54+05:30,29.8,150
2025-07-10 09:22:54+05:30,29.8,75
2025-07-10 09:22:55+05:30,29.7,150
2025-07-10 09:22:56+05:30,29.6,225
2025-07-10 09:22:56+05:30,29.8,75
2025-07-10 09:22:56+05:30,29.8,75
2025-07-10 09:22:57+05:30,29.7,75
2025-07-10 09:22:57+05:30,29.85,150
2025-07-10 09:22:58+05:30,29.75,75
2025-07-10 09:22:59+05:30,29.9,225
2025-07-10 09:22:59+05:30,29.7,75
2025-07-10 09:23:00+05:30,29.7,75
2025-07-10 09:23:00+05:30,30.3,375
2025-07-10 09:23:01+05:30,30.0,225
2025-07-10 09:23:01+05:30,30.2,75
2025-07-10 09:23:02+05:30,30.6,75
2025-07-10 09:23:02+05:30,31.1,75
2025-07-10 09:23:03+05:30,30.7,75
2025-07-10 09:23:04+05:30,30.95,75
2025-07-10 09:23:04+05:30,31.05,75
2025-07-10 09:23:05+05:30,31.15,75
2025-07-10 09:23:06+05:30,31.2,75
2025-07-10 09:23:06+05:30,31.45,450
2025-07-10 09:23:07+05:30,30.95,75
2025-07-10 09:23:07+05:30,31.15,975
2025-07-10 09:23:08+05:30,31.2,75
2025-07-10 09:23:09+05:30,31.25,150
2025-07-10 09:23:09+05:30,31.25,75
2025-07-10 09:23:10+05:30,30.8,75
2025-07-10 09:23:11+05:30,30.75,150
2025-07-10 09:23:11+05:30,30.85,150
2025-07-10 09:23:12+05:30,30.75,75
2025-07-10 09:23:12+05:30,30.55,150
2025-07-10 09:23:13+05:30,30.65,75
2025-07-10 09:23:14+05:30,30.75,375
2025-07-10 09:23:14+05:30,30.7,75
2025-07-10 09:23:15+05:30,30.75,525
2025-07-10 09:23:16+05:30,30.5,225
2025-07-10 09:23:16+05:30,30.75,150
2025-07-10 09:23:17+05:30,30.8,75
2025-07-10 09:23:17+05:30,31.15,300
2025-07-10 09:23:18+05:30,31.3,75
2025-07-10 09:23:19+05:30,31.2,150
2025-07-10 09:23:19+05:30,31.2,150
2025-07-10 09:23:20+05:30,31.15,75
2025-07-10 09:23:21+05:30,30.9,225
2025-07-10 09:23:21+05:30,30.8,150
2025-07-10 09:23:22+05:30,30.4,75
2025-07-10 09:23:22+05:30,30.4,75
2025-07-10 09:23:23+05:30,30.6,75
2025-07-10 09:23:24+05:30,30.6,75
2025-07-10 09:23:24+05:30,30.6,75
2025-07-10 09:23:25+05:30,30.2,75
2025-07-10 09:23:26+05:30,30.2,75
2025-07-10 09:23:26+05:30,30.3,300
2025-07-10 09:23:27+05:30,30.3,75
2025-07-10 09:23:27+05:30,30.4,150
2025-07-10 09:23:28+05:30,30.6,225
2025-07-10 09:23:29+05:30,30.6,75
2025-07-10 09:23:29+05:30,30.5,300
2025-07-10 09:23:30+05:30,30.5,300
2025-07-10 09:23:30+05:30,30.45,600
2025-07-10 09:23:31+05:30,30.3,75
2025-07-10 09:23:31+05:30,30.15,150
2025-07-10 09:23:32+05:30,30.45,75
2025-07-10 09:23:32+05:30,30.4,225
2025-07-10 09:23:33+05:30,30.6,75
2025-07-10 09:23:34+05:30,30.5,75
2025-07-10 09:23:34+05:30,30.5,75
2025-07-10 09:23:35+05:30,30.9,75
2025-07-10 09:23:36+05:30,31.1,150
2025-07-10 09:23:36+05:30,31.1,150
2025-07-10 09:23:37+05:30,30.65,75
2025-07-10 09:23:37+05:30,30.95,375
2025-07-10 09:23:38+05:30,30.95,75
2025-07-10 09:23:39+05:30,30.75,600
2025-07-10 09:23:39+05:30,30.75,600
2025-07-10 09:23:40+05:30,30.95,150
2025-07-10 09:23:41+05:30,31.0,75
2025-07-10 09:23:41+05:30,30.8,225
2025-07-10 09:23:42+05:30,31.05,300
2025-07-10 09:23:42+05:30,31.1,75
2025-07-10 09:23:43+05:30,31.2,150
2025-07-10 09:23:44+05:30,31.25,75
2025-07-10 09:23:44+05:30,31.15,75
2025-07-10 09:23:45+05:30,31.1,525
2025-07-10 09:23:46+05:30,31.0,75
2025-07-10 09:23:46+05:30,31.25,75
2025-07-10 09:23:47+05:30,30.9,450
2025-07-10 09:23:47+05:30,30.85,75
2025-07-10 09:23:48+05:30,30.85,225
2025-07-10 09:23:49+05:30,31.25,75
2025-07-10 09:23:49+05:30,31.35,75
2025-07-10 09:23:50+05:30,31.25,75
2025-07-10 09:23:51+05:30,31.25,75
2025-07-10 09:23:51+05:30,31.3,75
2025-07-10 09:23:52+05:30,31.2,75
2025-07-10 09:23:52+05:30,31.25,75
2025-07-10 09:23:53+05:30,31.25,75
2025-07-10 09:23:54+05:30,31.35,225
2025-07-10 09:23:54+05:30,31.2,75
2025-07-10 09:23:55+05:30,31.15,450
2025-07-10 09:23:56+05:30,31.25,75
2025-07-10 09:23:56+05:30,31.2,150
2025-07-10 09:23:57+05:30,31.15,150
2025-07-10 09:23:57+05:30,31.15,75
2025-07-10 09:23:58+05:30,31.25,75
2025-07-10 09:23:59+05:30,30.8,75
2025-07-10 09:23:59+05:30,30.85,75
2025-07-10 09:24:00+05:30,30.85,75
2025-07-10 09:24:00+05:30,31.05,75
2025-07-10 09:24:01+05:30,30.75,150
2025-07-10 09:24:01+05:30,30.9,75
2025-07-10 09:24:02+05:30,31.15,75
2025-07-10 09:24:02+05:30,31.15,75
2025-07-10 09:24:03+05:30,30.9,75
2025-07-10 09:24:04+05:30,31.1,75
2025-07-10 09:24:04+05:30,31.1,300
2025-07-10 09:24:05+05:30,31.25,75
2025-07-10 09:24:06+05:30,31.35,75
2025-07-10 09:24:06+05:30,31.2,75
2025-07-10 09:24:07+05:30,31.95,75
2025-07-10 09:24:07+05:30,31.9,150
2025-07-10 09:24:08+05:30,32.3,75
2025-07-10 09:24:09+05:30,32.15,75
2025-07-10 09:24:09+05:30,32.2,150
2025-07-10 09:24:10+05:30,31.65,75
2025-07-10 09:24:11+05:30,31.6,75
2025-07-10 09:24:11+05:30,31.75,75
2025-07-10 09:24:12+05:30,31.55,75
2025-07-10 09:24:12+05:30,31.65,600
2025-07-10 09:24:13+05:30,31.8,75
2025-07-10 09:24:13+05:30,31.8,75
2025-07-10 09:24:14+05:30,32.0,75
2025-07-10 09:24:14+05:30,32.0,75
2025-07-10 09:24:15+05:30,31.75,75
2025-07-10 09:24:16+05:30,32.0,150
2025-07-10 09:24:16+05:30,31.55,300
2025-07-10 09:24:17+05:30,31.95,75
2025-07-10 09:24:17+05:30,31.9,150
2025-07-10 09:24:18+05:30,31.8,225
2025-07-10 09:24:19+05:30,31.75,75
2025-07-10 09:24:19+05:30,31.8,375
2025-07-10 09:24:20+05:30,31.4,75
2025-07-10 09:24:21+05:30,30.95,75
2025-07-10 09:24:21+05:30,31.1,450
2025-07-10 09:24:22+05:30,30.65,75
2025-07-10 09:24:22+05:30,30.85,75
2025-07-10 09:24:23+05:30,30.75,150
2025-07-10 09:24:24+05:30,30.5,450
2025-07-10 09:24:24+05:30,30.65,1575
2025-07-10 09:24:25+05:30,30.1,75
2025-07-10 09:24:26+05:30,30.0,75
2025-07-10 09:24:26+05:30,30.15,150
2025-07-10 09:24:27+05:30,30.35,150
2025-07-10 09:24:27+05:30,30.35,300
2025-07-10 09:24:28+05:30,30.65,75
2025-07-10 09:24:29+05:30,30.8,75
2025-07-10 09:24:29+05:30,30.9,150
2025-07-10 09:24:30+05:30,30.9,150
2025-07-10 09:24:30+05:30,30.55,75
2025-07-10 09:24:31+05:30,30.15,75
2025-07-10 09:24:31+05:30,30.05,1725
2025-07-10 09:24:32+05:30,30.1,75
2025-07-10 09:24:32+05:30,30.2,75
2025-07-10 09:24:33+05:30,30.45,75
2025-07-10 09:24:34+05:30,30.1,75
2025-07-10 09:24:34+05:30,30.1,75
2025-07-10 09:24:35+05:30,29.95,750
2025-07-10 09:24:36+05:30,30.1,900
2025-07-10 09:24:36+05:30,30.3,150
2025-07-10 09:24:37+05:30,30.4,150
2025-07-10 09:24:37+05:30,30.55,75
2025-07-10 09:24:38+05:30,30.3,75
2025-07-10 09:24:39+05:30,30.8,75
2025-07-10 09:24:39+05:30,30.85,150
2025-07-10 09:24:40+05:30,31.25,75
2025-07-10 09:24:40+05:30,31.15,75
2025-07-10 09:24:41+05:30,31.35,675
2025-07-10 09:24:42+05:30,32.1,75
2025-07-10 09:24:42+05:30,32.05,75
2025-07-10 09:24:43+05:30,31.9,75
2025-07-10 09:24:44+05:30,31.8,750
2025-07-10 09:24:44+05:30,32.0,75
2025-07-10 09:24:45+05:30,31.7,225
2025-07-10 09:24:45+05:30,31.8,75
2025-07-10 09:24:46+05:30,31.9,450
2025-07-10 09:24:47+05:30,31.7,75
2025-07-10 09:24:47+05:30,31.6,75
2025-07-10 09:24:48+05:30,31.75,75
2025-07-10 09:24:49+05:30,32.0,75
2025-07-10 09:24:49+05:30,32.2,75
2025-07-10 09:24:50+05:30,32.5,75
2025-07-10 09:24:50+05:30,32.4,150
2025-07-10 09:24:51+05:30,32.25,900
2025-07-10 09:24:52+05:30,31.9,75
2025-07-10 09:24:52+05:30,31.95,75
2025-07-10 09:24:53+05:30,32.35,75
2025-07-10 09:24:54+05:30,32.15,75
2025-07-10 09:24:54+05:30,32.15,150
2025-07-10 09:24:55+05:30,32.1,225
2025-07-10 09:24:55+05:30,32.3,75
2025-07-10 09:24:56+05:30,32.3,1050
2025-07-10 09:24:57+05:30,31.35,150
2025-07-10 09:24:57+05:30,31.15,150
2025-07-10 09:24:58+05:30,31.1,75
2025-07-10 09:24:59+05:30,30.7,75
2025-07-10 09:24:59+05:30,30.6,150
2025-07-10 09:25:00+05:30,30.6,150
2025-07-10 09:25:00+05:30,30.4,75
2025-07-10 09:25:00+05:30,30.35,75
2025-07-10 09:25:01+05:30,30.5,75
2025-07-10 09:25:02+05:30,30.45,75
2025-07-10 09:25:02+05:30,30.65,75
2025-07-10 09:25:03+05:30,31.15,525
2025-07-10 09:25:04+05:30,31.1,75
2025-07-10 09:25:04+05:30,31.5,450
2025-07-10 09:25:05+05:30,31.65,75
2025-07-10 09:25:05+05:30,31.75,75
2025-07-10 09:25:06+05:30,31.65,150
2025-07-10 09:25:07+05:30,31.65,750
2025-07-10 09:25:07+05:30,31.65,300
2025-07-10 09:25:08+05:30,31.65,75
2025-07-10 09:25:09+05:30,31.75,75
2025-07-10 09:25:09+05:30,31.85,300
2025-07-10 09:25:10+05:30,32.15,75
2025-07-10 09:25:10+05:30,32.05,75
2025-07-10 09:25:11+05:30,31.8,300
2025-07-10 09:25:12+05:30,31.9,75
2025-07-10 09:25:12+05:30,31.8,75
2025-07-10 09:25:13+05:30,32.05,75
2025-07-10 09:25:14+05:30,31.95,75
2025-07-10 09:25:14+05:30,31.55,75
2025-07-10 09:25:15+05:30,31.05,225
2025-07-10 09:25:15+05:30,31.0,75
2025-07-10 09:25:16+05:30,31.25,75
2025-07-10 09:25:17+05:30,31.0,225
2025-07-10 09:25:17+05:30,31.15,75
2025-07-10 09:25:18+05:30,31.2,225
2025-07-10 09:25:19+05:30,31.25,75
2025-07-10 09:25:19+05:30,31.35,300
2025-07-10 09:25:20+05:30,31.35,75
2025-07-10 09:25:20+05:30,31.3,75
2025-07-10 09:25:21+05:30,31.35,75
2025-07-10 09:25:22+05:30,31.8,75
2025-07-10 09:25:22+05:30,31.85,75
2025-07-10 09:25:23+05:30,31.55,75
2025-07-10 09:25:24+05:30,31.75,150
2025-07-10 09:25:24+05:30,31.4,300
2025-07-10 09:25:25+05:30,31.75,225
2025-07-10 09:25:25+05:30,31.65,75
2025-07-10 09:25:26+05:30,31.75,75
2025-07-10 09:25:27+05:30,31.35,600
2025-07-10 09:25:27+05:30,31.55,75
2025-07-10 09:25:28+05:30,31.65,75
2025-07-10 09:25:29+05:30,31.55,525
2025-07-10 09:25:29+05:30,31.15,75
2025-07-10 09:25:30+05:30,30.85,75
2025-07-10 09:25:30+05:30,30.85,75
2025-07-10 09:25:31+05:30,31.25,225
2025-07-10 09:25:32+05:30,30.6,225
2025-07-10 09:25:32+05:30,30.75,75
2025-07-10 09:25:33+05:30,30.7,75
2025-07-10 09:25:34+05:30,30.6,225
2025-07-10 09:25:34+05:30,31.05,75
2025-07-10 09:25:35+05:30,31.1,75
2025-07-10 09:25:35+05:30,31.3,150
2025-07-10 09:25:36+05:30,31.75,825
2025-07-10 09:25:37+05:30,31.6,300
2025-07-10 09:25:37+05:30,31.5,225
2025-07-10 09:25:38+05:30,32.15,75
2025-07-10 09:25:39+05:30,31.9,150
2025-07-10 09:25:39+05:30,32.7,825
2025-07-10 09:25:40+05:30,32.55,75
2025-07-10 09:25:41+05:30,32.5,1050
2025-07-10 09:25:41+05:30,32.2,75
2025-07-10 09:25:42+05:30,32.35,75
2025-07-10 09:25:42+05:30,32.55,75
2025-07-10 09:25:43+05:30,33.3,75
2025-07-10 09:25:44+05:30,33.15,375
2025-07-10 09:25:44+05:30,33.35,450
2025-07-10 09:25:45+05:30,32.6,750
2025-07-10 09:25:45+05:30,32.75,75
2025-07-10 09:25:46+05:30,31.85,75
2025-07-10 09:25:47+05:30,31.95,75
2025-07-10 09:25:47+05:30,32.0,75
2025-07-10 09:25:48+05:30,32.5,75
2025-07-10 09:25:49+05:30,32.55,75
2025-07-10 09:25:49+05:30,32.6,75
2025-07-10 09:25:50+05:30,32.05,75
2025-07-10 09:25:50+05:30,32.2,75
2025-07-10 09:25:51+05:30,32.25,75
2025-07-10 09:25:52+05:30,32.55,75
2025-07-10 09:25:52+05:30,32.45,75
2025-07-10 09:25:53+05:30,32.6,75
2025-07-10 09:25:54+05:30,32.95,75
2025-07-10 09:25:54+05:30,32.85,600
2025-07-10 09:25:55+05:30,32.6,150
2025-07-10 09:25:55+05:30,32.65,75
2025-07-10 09:25:56+05:30,32.4,75
2025-07-10 09:25:57+05:30,32.55,150
2025-07-10 09:25:57+05:30,32.65,75
2025-07-10 09:25:58+05:30,32.5,75
2025-07-10 09:25:59+05:30,32.5,150
2025-07-10 09:25:59+05:30,32.35,225
2025-07-10 09:26:00+05:30,32.35,225
2025-07-10 09:26:00+05:30,31.65,75
2025-07-10 09:26:00+05:30,31.55,75
2025-07-10 09:26:01+05:30,32.25,75
2025-07-10 09:26:02+05:30,32.8,75
2025-07-10 09:26:02+05:30,32.75,150
2025-07-10 09:26:03+05:30,32.7,150
2025-07-10 09:26:04+05:30,32.7,75
2025-07-10 09:26:04+05:30,32.45,300
2025-07-10 09:26:05+05:30,32.2,75
2025-07-10 09:26:05+05:30,32.25,150
2025-07-10 09:26:06+05:30,32.8,150
2025-07-10 09:26:07+05:30,33.1,75
2025-07-10 09:26:07+05:30,33.1,300
2025-07-10 09:26:08+05:30,33.0,150
2025-07-10 09:26:09+05:30,32.6,375
2025-07-10 09:26:09+05:30,32.7,150
2025-07-10 09:26:10+05:30,32.7,75
2025-07-10 09:26:10+05:30,32.6,75
2025-07-10 09:26:11+05:30,32.5,300
2025-07-10 09:26:12+05:30,32.0,75
2025-07-10 09:26:12+05:30,32.0,150
2025-07-10 09:26:13+05:30,31.85,225
2025-07-10 09:26:14+05:30,32.05,450
2025-07-10 09:26:14+05:30,31.95,75
2025-07-10 09:26:15+05:30,31.6,75
2025-07-10 09:26:15+05:30,31.4,225
2025-07-10 09:26:16+05:30,31.55,75
2025-07-10 09:26:17+05:30,31.5,75
2025-07-10 09:26:17+05:30,31.4,75
2025-07-10 09:26:18+05:30,31.25,300
2025-07-10 09:26:19+05:30,31.35,225
2025-07-10 09:26:19+05:30,31.6,225
2025-07-10 09:26:20+05:30,32.05,750
2025-07-10 09:26:20+05:30,32.25,75
2025-07-10 09:26:21+05:30,32.45,75
2025-07-10 09:26:22+05:30,32.25,225
2025-07-10 09:26:22+05:30,32.2,75
2025-07-10 09:26:23+05:30,32.05,150
2025-07-10 09:26:24+05:30,31.7,375
2025-07-10 09:26:24+05:30,31.85,75
2025-07-10 09:26:25+05:30,31.4,300
2025-07-10 09:26:25+05:30,31.45,75
2025-07-10 09:26:26+05:30,31.55,75
2025-07-10 09:26:27+05:30,31.5,150
2025-07-10 09:26:27+05:30,31.5,75
2025-07-10 09:26:28+05:30,31.3,75
2025-07-10 09:26:29+05:30,31.3,75
2025-07-10 09:26:29+05:30,31.1,75
2025-07-10 09:26:30+05:30,31.1,75
2025-07-10 09:26:30+05:30,30.75,225
2025-07-10 09:26:30+05:30,30.8,300
2025-07-10 09:26:31+05:30,30.65,225
2025-07-10 09:26:32+05:30,30.65,75
2025-07-10 09:26:32+05:30,30.6,75
2025-07-10 09:26:33+05:30,30.35,1650
2025-07-10 09:26:34+05:30,30.35,75
2025-07-10 09:26:34+05:30,30.25,75
2025-07-10 09:26:35+05:30,29.75,75
2025-07-10 09:26:35+05:30,29.25,225
2025-07-10 09:26:36+05:30,29.0,75
2025-07-10 09:26:37+05:30,29.1,300
2025-07-10 09:26:37+05:30,29.15,1800
2025-07-10 09:26:38+05:30,29.1,75
2025-07-10 09:26:39+05:30,29.35,75
2025-07-10 09:26:39+05:30,29.1,75
2025-07-10 09:26:40+05:30,29.05,150
2025-07-10 09:26:40+05:30,29.15,75
2025-07-10 09:26:41+05:30,29.75,75
2025-07-10 09:26:42+05:30,29.6,150
2025-07-10 09:26:42+05:30,29.4,300
2025-07-10 09:26:43+05:30,30.0,300
2025-07-10 09:26:44+05:30,30.35,225
2025-07-10 09:26:44+05:30,30.3,75
2025-07-10 09:26:45+05:30,30.7,75
2025-07-10 09:26:45+05:30,30.9,75
2025-07-10 09:26:46+05:30,30.9,75
2025-07-10 09:26:47+05:30,31.3,75
2025-07-10 09:26:47+05:30,31.35,75
2025-07-10 09:26:48+05:30,31.45,75
2025-07-10 09:26:49+05:30,31.7,75
2025-07-10 09:26:49+05:30,31.75,675
2025-07-10 09:26:50+05:30,32.1,75
2025-07-10 09:26:50+05:30,32.15,75
2025-07-10 09:26:51+05:30,32.35,75
2025-07-10 09:26:52+05:30,32.45,450
2025-07-10 09:26:52+05:30,32.0,75
2025-07-10 09:26:53+05:30,32.3,75
2025-07-10 09:26:54+05:30,32.45,150
2025-07-10 09:26:54+05:30,32.5,300
2025-07-10 09:26:55+05:30,33.05,150
2025-07-10 09:26:55+05:30,33.0,75
2025-07-10 09:26:56+05:30,33.3,75
2025-07-10 09:26:57+05:30,33.25,75
2025-07-10 09:26:57+05:30,33.9,150
2025-07-10 09:26:58+05:30,33.55,1350
2025-07-10 09:26:59+05:30,33.4,75
2025-07-10 09:26:59+05:30,33.2,75
2025-07-10 09:27:00+05:30,33.2,75
2025-07-10 09:27:00+05:30,32.8,150
2025-07-10 09:27:00+05:30,32.95,225
2025-07-10 09:27:01+05:30,32.85,150
2025-07-10 09:27:02+05:30,33.1,225
2025-07-10 09:27:02+05:30,33.5,75
2025-07-10 09:27:03+05:30,33.4,75
2025-07-10 09:27:04+05:30,33.1,150
2025-07-10 09:27:04+05:30,33.0,225
2025-07-10 09:27:05+05:30,33.2,375
2025-07-10 09:27:05+05:30,33.15,75
2025-07-10 09:27:06+05:30,33.0,75
2025-07-10 09:27:07+05:30,32.25,75
2025-07-10 09:27:07+05:30,31.4,75
2025-07-10 09:27:08+05:30,31.85,75
2025-07-10 09:27:08+05:30,31.6,75
2025-07-10 09:27:09+05:30,32.2,75
2025-07-10 09:27:10+05:30,31.95,150
2025-07-10 09:27:10+05:30,31.85,375
2025-07-10 09:27:11+05:30,31.95,675
2025-07-10 09:27:12+05:30,31.8,75
2025-07-10 09:27:12+05:30,32.0,75
2025-07-10 09:27:13+05:30,32.3,150
2025-07-10 09:27:13+05:30,32.65,150
2025-07-10 09:27:14+05:30,32.85,75
2025-07-10 09:27:15+05:30,32.05,75
2025-07-10 09:27:15+05:30,32.2,75
2025-07-10 09:27:16+05:30,32.5,75
2025-07-10 09:27:17+05:30,32.5,75
2025-07-10 09:27:17+05:30,32.95,225
2025-07-10 09:27:18+05:30,32.85,75
2025-07-10 09:27:18+05:30,32.8,75
2025-07-10 09:27:19+05:30,32.85,75
2025-07-10 09:27:20+05:30,32.55,300
2025-07-10 09:27:20+05:30,32.55,75
2025-07-10 09:27:21+05:30,32.7,75
2025-07-10 09:27:22+05:30,32.7,75
2025-07-10 09:27:22+05:30,33.0,75
2025-07-10 09:27:23+05:30,33.2,75
2025-07-10 09:27:23+05:30,33.45,225
2025-07-10 09:27:24+05:30,33.5,75
2025-07-10 09:27:25+05:30,33.35,75
2025-07-10 09:27:25+05:30,33.4,75
2025-07-10 09:27:26+05:30,33.35,75
2025-07-10 09:27:27+05:30,33.4,75
2025-07-10 09:27:27+05:30,33.4,75
2025-07-10 09:27:28+05:30,33.0,75
2025-07-10 09:27:28+05:30,32.8,150
2025-07-10 09:27:29+05:30,32.35,150
2025-07-10 09:27:30+05:30,32.35,150
2025-07-10 09:27:30+05:30,32.75,75
2025-07-10 09:27:30+05:30,32.65,75
2025-07-10 09:27:31+05:30,32.45,225
2025-07-10 09:27:32+05:30,32.0,75
2025-07-10 09:27:32+05:30,31.95,75
2025-07-10 09:27:33+05:30,31.9,75
2025-07-10 09:27:33+05:30,31.95,75
2025-07-10 09:27:34+05:30,32.1,75
2025-07-10 09:27:35+05:30,31.7,75
2025-07-10 09:27:35+05:30,31.75,75
2025-07-10 09:27:36+05:30,31.45,75
2025-07-10 09:27:37+05:30,31.5,75
2025-07-10 09:27:37+05:30,31.4,75
2025-07-10 09:27:38+05:30,30.95,150
2025-07-10 09:27:38+05:30,31.15,75
2025-07-10 09:27:39+05:30,30.85,75
2025-07-10 09:27:40+05:30,30.05,300
2025-07-10 09:27:40+05:30,30.25,75
2025-07-10 09:27:41+05:30,30.3,75
2025-07-10 09:27:42+05:30,30.1,75
2025-07-10 09:27:42+05:30,30.0,75
2025-07-10 09:27:43+05:30,30.1,75
2025-07-10 09:27:44+05:30,29.85,75
2025-07-10 09:27:44+05:30,30.0,75
2025-07-10 09:27:45+05:30,29.55,75
2025-07-10 09:27:45+05:30,29.7,75
2025-07-10 09:27:46+05:30,29.65,225
2025-07-10 09:27:47+05:30,29.65,75
2025-07-10 09:27:47+05:30,29.8,75
2025-07-10 09:27:48+05:30,29.75,75
2025-07-10 09:27:49+05:30,29.65,75
2025-07-10 09:27:49+05:30,29.75,75
2025-07-10 09:27:50+05:30,29.95,675
2025-07-10 09:27:50+05:30,30.0,300
2025-07-10 09:27:51+05:30,30.05,75
2025-07-10 09:27:52+05:30,30.05,750
2025-07-10 09:27:52+05:30,30.65,225
2025-07-10 09:27:53+05:30,30.65,75
2025-07-10 09:27:54+05:30,30.7,75
2025-07-10 09:27:54+05:30,30.45,75
2025-07-10 09:27:55+05:30,30.4,75
2025-07-10 09:27:55+05:30,30.45,75
2025-07-10 09:27:56+05:30,30.75,225
2025-07-10 09:27:57+05:30,30.65,75
2025-07-10 09:27:57+05:30,30.3,750
2025-07-10 09:27:58+05:30,30.65,75
2025-07-10 09:27:59+05:30,30.95,75
2025-07-10 09:27:59+05:30,31.0,75
2025-07-10 09:28:00+05:30,31.0,75
2025-07-10 09:28:00+05:30,30.7,75
2025-07-10 09:28:00+05:30,30.75,825
2025-07-10 09:28:01+05:30,30.95,825
2025-07-10 09:28:02+05:30,30.85,75
2025-07-10 09:28:02+05:30,31.0,225
2025-07-10 09:28:03+05:30,31.15,75
2025-07-10 09:28:04+05:30,31.05,75
2025-07-10 09:28:04+05:30,30.95,300
2025-07-10 09:28:05+05:30,30.3,225
2025-07-10 09:28:05+05:30,30.2,225
2025-07-10 09:28:06+05:30,30.05,75
2025-07-10 09:28:07+05:30,30.2,375
2025-07-10 09:28:07+05:30,29.95,75
2025-07-10 09:28:08+05:30,30.15,300
2025-07-10 09:28:09+05:30,30.25,150
2025-07-10 09:28:09+05:30,30.5,150
2025-07-10 09:28:10+05:30,30.05,225
2025-07-10 09:28:10+05:30,30.0,600
2025-07-10 09:28:11+05:30,30.25,75
2025-07-10 09:28:12+05:30,30.4,150
2025-07-10 09:28:12+05:30,30.3,75
2025-07-10 09:28:13+05:30,30.5,75
2025-07-10 09:28:13+05:30,30.65,75
2025-07-10 09:28:14+05:30,30.5,75
2025-07-10 09:28:15+05:30,30.15,150
2025-07-10 09:28:15+05:30,29.9,150
2025-07-10 09:28:16+05:30,30.25,150
2025-07-10 09:28:17+05:30,29.9,75
2025-07-10 09:28:17+05:30,30.1,75
2025-07-10 09:28:18+05:30,30.6,150
2025-07-10 09:28:18+05:30,30.8,75
2025-07-10 09:28:19+05:30,30.6,75
2025-07-10 09:28:20+05:30,30.5,75
2025-07-10 09:28:20+05:30,30.55,75
2025-07-10 09:28:21+05:30,30.85,75
2025-07-10 09:28:22+05:30,31.4,75
2025-07-10 09:28:22+05:30,31.35,75
2025-07-10 09:28:23+05:30,31.4,75
2025-07-10 09:28:23+05:30,31.45,75
2025-07-10 09:28:24+05:30,31.6,75
2025-07-10 09:28:25+05:30,31.5,300
2025-07-10 09:28:25+05:30,31.4,75
2025-07-10 09:28:26+05:30,31.2,75
2025-07-10 09:28:27+05:30,31.45,75
2025-07-10 09:28:27+05:30,31.55,75
2025-07-10 09:28:28+05:30,31.55,150
2025-07-10 09:28:28+05:30,31.8,225
2025-07-10 09:28:29+05:30,31.35,75
2025-07-10 09:28:30+05:30,31.35,75
2025-07-10 09:28:30+05:30,31.3,75
2025-07-10 09:28:30+05:30,31.3,150
2025-07-10 09:28:31+05:30,31.6,75
2025-07-10 09:28:32+05:30,31.7,75
2025-07-10 09:28:32+05:30,31.6,75
2025-07-10 09:28:33+05:30,31.8,75
2025-07-10 09:28:33+05:30,32.0,300
2025-07-10 09:28:34+05:30,31.75,225
2025-07-10 09:28:35+05:30,32.1,75
2025-07-10 09:28:35+05:30,32.3,75
2025-07-10 09:28:36+05:30,32.85,75
2025-07-10 09:28:37+05:30,32.8,75
2025-07-10 09:28:37+05:30,32.6,750
2025-07-10 09:28:38+05:30,33.2,375
2025-07-10 09:28:38+05:30,33.15,75
2025-07-10 09:28:39+05:30,33.25,300
2025-07-10 09:28:40+05:30,32.85,75
2025-07-10 09:28:40+05:30,33.0,75
2025-07-10 09:28:41+05:30,33.35,225
2025-07-10 09:28:42+05:30,33.25,75
2025-07-10 09:28:42+05:30,33.65,225
2025-07-10 09:28:43+05:30,33.95,225
2025-07-10 09:28:43+05:30,33.75,225
2025-07-10 09:28:44+05:30,33.95,75
2025-07-10 09:28:45+05:30,33.9,150
2025-07-10 09:28:45+05:30,34.2,75
2025-07-10 09:28:46+05:30,33.1,75
2025-07-10 09:28:47+05:30,33.5,75
2025-07-10 09:28:47+05:30,33.25,75
2025-07-10 09:28:48+05:30,33.05,75
2025-07-10 09:28:48+05:30,33.05,150
2025-07-10 09:28:49+05:30,33.15,300
2025-07-10 09:28:50+05:30,33.15,75
2025-07-10 09:28:50+05:30,33.3,75
2025-07-10 09:28:51+05:30,33.1,150
2025-07-10 09:28:52+05:30,33.05,150
2025-07-10 09:28:52+05:30,32.8,75
2025-07-10 09:28:53+05:30,32.6,1050
2025-07-10 09:28:53+05:30,32.7,75
2025-07-10 09:28:54+05:30,32.65,75
2025-07-10 09:28:55+05:30,32.65,75
2025-07-10 09:28:55+05:30,32.95,75
2025-07-10 09:28:56+05:30,32.9,75
2025-07-10 09:28:57+05:30,32.9,75
2025-07-10 09:28:57+05:30,32.7,750
2025-07-10 09:28:58+05:30,32.7,75
2025-07-10 09:28:58+05:30,32.75,75
2025-07-10 09:28:59+05:30,32.35,225
2025-07-10 09:29:00+05:30,32.35,225
2025-07-10 09:29:00+05:30,31.65,300
2025-07-10 09:29:00+05:30,31.8,150
2025-07-10 09:29:01+05:30,32.05,75
2025-07-10 09:29:02+05:30,32.35,150
2025-07-10 09:29:02+05:30,32.45,225
2025-07-10 09:29:03+05:30,32.15,150
2025-07-10 09:29:03+05:30,32.2,75
2025-07-10 09:29:04+05:30,32.1,150
2025-07-10 09:29:05+05:30,32.2,75
2025-07-10 09:29:05+05:30,32.4,525
2025-07-10 09:29:06+05:30,32.25,75
2025-07-10 09:29:07+05:30,32.3,75
2025-07-10 09:29:07+05:30,32.25,75
2025-07-10 09:29:08+05:30,32.45,75
2025-07-10 09:29:08+05:30,32.45,75
2025-07-10 09:29:09+05:30,32.2,75
2025-07-10 09:29:10+05:30,32.35,75
2025-07-10 09:29:10+05:30,32.3,150
2025-07-10 09:29:11+05:30,32.3,525
2025-07-10 09:29:12+05:30,32.35,75
2025-07-10 09:29:12+05:30,32.25,300
2025-07-10 09:29:13+05:30,32.35,75
2025-07-10 09:29:13+05:30,32.15,75
2025-07-10 09:29:14+05:30,32.25,75
2025-07-10 09:29:15+05:30,32.25,150
2025-07-10 09:29:15+05:30,32.1,150
2025-07-10 09:29:16+05:30,32.0,150
2025-07-10 09:29:17+05:30,32.05,75
2025-07-10 09:29:17+05:30,32.25,75
2025-07-10 09:29:18+05:30,32.7,150
2025-07-10 09:29:18+05:30,32.6,75
2025-07-10 09:29:19+05:30,32.6,150
2025-07-10 09:29:20+05:30,32.65,300
2025-07-10 09:29:20+05:30,33.05,150
2025-07-10 09:29:21+05:30,33.0,75
2025-07-10 09:29:22+05:30,32.85,150
2025-07-10 09:29:22+05:30,32.75,75
2025-07-10 09:29:23+05:30,32.8,450
2025-07-10 09:29:23+05:30,32.8,75
2025-07-10 09:29:24+05:30,32.9,375
2025-07-10 09:29:25+05:30,33.05,75
2025-07-10 09:29:25+05:30,33.05,75
2025-07-10 09:29:26+05:30,33.0,75
2025-07-10 09:29:27+05:30,33.15,1350
2025-07-10 09:29:27+05:30,33.0,75
2025-07-10 09:29:28+05:30,32.8,75
2025-07-10 09:29:28+05:30,32.8,75
2025-07-10 09:29:29+05:30,32.9,75
2025-07-10 09:29:30+05:30,32.9,75
2025-07-10 09:29:30+05:30,33.15,150
2025-07-10 09:29:30+05:30,33.15,150
2025-07-10 09:29:31+05:30,32.9,75
2025-07-10 09:29:32+05:30,32.75,75
2025-07-10 09:29:32+05:30,33.0,75
2025-07-10 09:29:33+05:30,33.1,75
2025-07-10 09:29:33+05:30,33.15,75
2025-07-10 09:29:34+05:30,32.9,75
2025-07-10 09:29:35+05:30,32.95,75
2025-07-10 09:29:35+05:30,32.9,150
2025-07-10 09:29:36+05:30,33.1,975
2025-07-10 09:29:37+05:30,32.9,75
2025-07-10 09:29:37+05:30,32.7,75
2025-07-10 09:29:38+05:30,32.55,150
2025-07-10 09:29:38+05:30,32.5,75
2025-07-10 09:29:40+05:30,32.35,300
2025-07-10 09:29:40+05:30,32.7,75
2025-07-10 09:29:42+05:30,32.55,75
2025-07-10 09:29:42+05:30,32.35,75
2025-07-10 09:29:43+05:30,32.65,75
2025-07-10 09:29:43+05:30,32.5,75
2025-07-10 09:29:44+05:30,31.5,300
2025-07-10 09:29:45+05:30,30.95,225
2025-07-10 09:29:45+05:30,31.15,75
2025-07-10 09:29:46+05:30,31.15,150
2025-07-10 09:29:47+05:30,31.3,150
2025-07-10 09:29:47+05:30,30.65,75
2025-07-10 09:29:48+05:30,30.6,75
2025-07-10 09:29:48+05:30,30.55,75
2025-07-10 09:29:49+05:30,30.55,150
2025-07-10 09:29:50+05:30,30.65,75
2025-07-10 09:29:50+05:30,30.9,225
2025-07-10 09:29:51+05:30,30.55,900
2025-07-10 09:29:52+05:30,30.4,75
2025-07-10 09:29:53+05:30,29.55,150
2025-07-10 09:29:53+05:30,29.6,300
2025-07-10 09:29:53+05:30,29.65,75
2025-07-10 09:29:54+05:30,29.5,225
2025-07-10 09:29:55+05:30,29.9,75
2025-07-10 09:29:55+05:30,29.9,225
2025-07-10 09:29:56+05:30,29.6,75
2025-07-10 09:29:57+05:30,29.15,150
2025-07-10 09:29:57+05:30,29.5,75
2025-07-10 09:29:58+05:30,29.2,225
2025-07-10 09:29:58+05:30,29.2,75
2025-07-10 09:30:00+05:30,29.2,75
2025-07-10 09:30:00+05:30,29.45,75
2025-07-10 09:30:00+05:30,29.2,75
2025-07-10 09:30:01+05:30,29.55,375
2025-07-10 09:30:02+05:30,29.65,675
2025-07-10 09:30:02+05:30,29.35,75
2025-07-10 09:30:03+05:30,29.4,75
2025-07-10 09:30:03+05:30,29.4,75
2025-07-10 09:30:05+05:30,29.4,75
2025-07-10 09:30:05+05:30,29.9,225
2025-07-10 09:30:05+05:30,29.9,525
2025-07-10 09:30:06+05:30,29.5,150
2025-07-10 09:30:07+05:30,29.3,75
2025-07-10 09:30:07+05:30,29.2,75
2025-07-10 09:30:08+05:30,29.2,75
2025-07-10 09:30:09+05:30,29.1,75
2025-07-10 09:30:10+05:30,29.35,375
2025-07-10 09:30:10+05:30,29.35,75
2025-07-10 09:30:11+05:30,29.25,150
2025-07-10 09:30:12+05:30,29.5,225
2025-07-10 09:30:12+05:30,29.7,75
2025-07-10 09:30:13+05:30,29.75,75
2025-07-10 09:30:13+05:30,29.75,75
2025-07-10 09:30:14+05:30,29.8,225
2025-07-10 09:30:15+05:30,29.75,450
2025-07-10 09:30:15+05:30,30.0,900
2025-07-10 09:30:16+05:30,29.95,75
2025-07-10 09:30:17+05:30,30.1,150
2025-07-10 09:30:17+05:30,30.0,75
2025-07-10 09:30:18+05:30,30.4,600
2025-07-10 09:30:18+05:30,30.35,375
2025-07-10 09:30:19+05:30,30.3,150
2025-07-10 09:30:20+05:30,30.6,75
2025-07-10 09:30:20+05:30,31.25,150
2025-07-10 09:30:21+05:30,31.1,75
2025-07-10 09:30:22+05:30,31.15,75
2025-07-10 09:30:22+05:30,31.25,75
2025-07-10 09:30:23+05:30,31.45,75
2025-07-10 09:30:23+05:30,31.7,75
2025-07-10 09:30:24+05:30,31.1,75
2025-07-10 09:30:25+05:30,31.15,75
2025-07-10 09:30:25+05:30,30.85,75
2025-07-10 09:30:26+05:30,30.5,75
2025-07-10 09:30:27+05:30,30.55,75
2025-07-10 09:30:27+05:30,30.6,75
2025-07-10 09:30:28+05:30,30.6,75
2025-07-10 09:30:28+05:30,30.75,300
2025-07-10 09:30:29+05:30,30.45,75
2025-07-10 09:30:30+05:30,30.45,75
2025-07-10 09:30:30+05:30,30.5,75
2025-07-10 09:30:30+05:30,30.65,150
2025-07-10 09:30:31+05:30,30.4,75
2025-07-10 09:30:32+05:30,30.3,150
2025-07-10 09:30:32+05:30,30.45,225
2025-07-10 09:30:33+05:30,30.4,150
2025-07-10 09:30:33+05:30,30.65,75
2025-07-10 09:30:34+05:30,30.8,225
2025-07-10 09:30:35+05:30,31.2,750
2025-07-10 09:30:35+05:30,30.65,75
2025-07-10 09:30:36+05:30,30.9,300
2025-07-10 09:30:36+05:30,30.9,75
2025-07-10 09:30:37+05:30,30.85,75
2025-07-10 09:30:38+05:30,30.7,75
2025-07-10 09:30:38+05:30,30.7,150
2025-07-10 09:30:39+05:30,30.35,75
2025-07-10 09:30:40+05:30,30.35,75
2025-07-10 09:30:40+05:30,30.45,75
2025-07-10 09:30:41+05:30,30.55,75
2025-07-10 09:30:42+05:30,30.7,75
2025-07-10 09:30:43+05:30,30.75,75
2025-07-10 09:30:43+05:30,30.8,75
2025-07-10 09:30:44+05:30,31.35,75
2025-07-10 09:30:45+05:30,31.1,75
2025-07-10 09:30:45+05:30,31.15,75
2025-07-10 09:30:46+05:30,30.9,75
2025-07-10 09:30:46+05:30,30.85,225
2025-07-10 09:30:47+05:30,30.85,150
2025-07-10 09:30:48+05:30,30.65,1050
2025-07-10 09:30:48+05:30,30.65,75
2025-07-10 09:30:50+05:30,30.6,75
2025-07-10 09:30:50+05:30,30.55,75
2025-07-10 09:30:51+05:30,30.55,150
2025-07-10 09:30:51+05:30,30.55,75
2025-07-10 09:30:52+05:30,30.35,75
2025-07-10 09:30:53+05:30,30.3,300
2025-07-10 09:30:53+05:30,30.25,375
2025-07-10 09:30:54+05:30,29.8,75
2025-07-10 09:30:55+05:30,29.75,225
2025-07-10 09:30:55+05:30,29.95,75
2025-07-10 09:30:56+05:30,29.45,75
2025-07-10 09:30:56+05:30,29.3,75
2025-07-10 09:30:57+05:30,29.2,150
2025-07-10 09:30:58+05:30,29.0,225
2025-07-10 09:30:58+05:30,29.2,75
2025-07-10 09:30:59+05:30,28.95,75
2025-07-10 09:31:00+05:30,28.95,75
2025-07-10 09:31:00+05:30,28.75,75
2025-07-10 09:31:00+05:30,28.8,75
2025-07-10 09:31:01+05:30,28.6,150
2025-07-10 09:31:01+05:30,28.65,450
2025-07-10 09:31:02+05:30,28.35,75
2025-07-10 09:31:03+05:30,28.2,225
2025-07-10 09:31:03+05:30,28.35,150
2025-07-10 09:31:04+05:30,28.4,300
2025-07-10 09:31:05+05:30,28.0,375
2025-07-10 09:31:05+05:30,28.2,225
2025-07-10 09:31:06+05:30,28.0,75
2025-07-10 09:31:06+05:30,27.9,75
2025-07-10 09:31:07+05:30,28.2,75
2025-07-10 09:31:08+05:30,28.35,75
2025-07-10 09:31:08+05:30,28.1,150
2025-07-10 09:31:09+05:30,28.15,150
2025-07-10 09:31:10+05:30,28.25,150
2025-07-10 09:31:10+05:30,28.35,225
2025-07-10 09:31:11+05:30,28.9,75
2025-07-10 09:31:11+05:30,28.9,225
2025-07-10 09:31:12+05:30,28.75,75
2025-07-10 09:31:13+05:30,28.95,75
2025-07-10 09:31:13+05:30,29.0,150
2025-07-10 09:31:14+05:30,29.35,75
2025-07-10 09:31:15+05:30,29.6,75
2025-07-10 09:31:15+05:30,29.4,225
2025-07-10 09:31:16+05:30,29.7,75
2025-07-10 09:31:16+05:30,29.85,75
2025-07-10 09:31:17+05:30,29.6,75
2025-07-10 09:31:18+05:30,29.8,75
2025-07-10 09:31:18+05:30,29.75,75
2025-07-10 09:31:19+05:30,29.9,75
2025-07-10 09:31:20+05:30,30.25,75
2025-07-10 09:31:20+05:30,30.0,75
2025-07-10 09:31:21+05:30,30.15,150
2025-07-10 09:31:21+05:30,30.2,75
2025-07-10 09:31:22+05:30,30.45,225
2025-07-10 09:31:23+05:30,30.1,75
2025-07-10 09:31:23+05:30,30.0,750
2025-07-10 09:31:24+05:30,29.95,75
2025-07-10 09:31:25+05:30,29.7,75
2025-07-10 09:31:25+05:30,29.9,75
2025-07-10 09:31:26+05:30,30.0,150
2025-07-10 09:31:26+05:30,30.0,75
2025-07-10 09:31:27+05:30,30.05,75
2025-07-10 09:31:28+05:30,30.0,75
2025-07-10 09:31:28+05:30,30.25,150
2025-07-10 09:31:29+05:30,30.15,375
2025-07-10 09:31:29+05:30,30.2,75
2025-07-10 09:31:30+05:30,30.2,75
2025-07-10 09:31:30+05:30,30.25,75
2025-07-10 09:31:31+05:30,30.0,75
2025-07-10 09:31:31+05:30,30.1,75
2025-07-10 09:31:32+05:30,30.1,150
2025-07-10 09:31:33+05:30,30.3,150
2025-07-10 09:31:33+05:30,30.35,75
2025-07-10 09:31:34+05:30,30.75,75
2025-07-10 09:31:34+05:30,30.75,300
2025-07-10 09:31:35+05:30,30.65,225
2025-07-10 09:31:36+05:30,30.45,150
2025-07-10 09:31:36+05:30,30.5,150
2025-07-10 09:31:37+05:30,30.85,750
2025-07-10 09:31:38+05:30,30.9,150
2025-07-10 09:31:38+05:30,30.8,75
2025-07-10 09:31:39+05:30,30.85,75
2025-07-10 09:31:39+05:30,30.85,975
2025-07-10 09:31:40+05:30,31.05,75
2025-07-10 09:31:41+05:30,30.85,75
2025-07-10 09:31:41+05:30,30.7,525
2025-07-10 09:31:42+05:30,30.65,75
2025-07-10 09:31:43+05:30,30.6,150
2025-07-10 09:31:43+05:30,30.65,75
2025-07-10 09:31:44+05:30,30.7,75
2025-07-10 09:31:44+05:30,30.7,150
2025-07-10 09:31:45+05:30,30.4,75
2025-07-10 09:31:46+05:30,30.35,75
2025-07-10 09:31:46+05:30,30.45,75
2025-07-10 09:31:47+05:30,30.6,600
2025-07-10 09:31:48+05:30,30.55,1200
2025-07-10 09:31:48+05:30,30.4,75
2025-07-10 09:31:49+05:30,30.45,300
2025-07-10 09:31:49+05:30,30.4,150
2025-07-10 09:31:50+05:30,30.7,75
2025-07-10 09:31:51+05:30,30.35,75
2025-07-10 09:31:51+05:30,30.3,75
2025-07-10 09:31:52+05:30,30.05,300
2025-07-10 09:31:53+05:30,30.05,75
2025-07-10 09:31:53+05:30,29.8,150
2025-07-10 09:31:54+05:30,29.9,75
2025-07-10 09:31:54+05:30,29.8,75
2025-07-10 09:31:55+05:30,29.55,75
2025-07-10 09:31:56+05:30,29.65,75
2025-07-10 09:31:56+05:30,29.55,75
2025-07-10 09:31:57+05:30,29.2,75
2025-07-10 09:31:58+05:30,29.3,225
2025-07-10 09:31:58+05:30,29.05,75
2025-07-10 09:31:59+05:30,28.9,75
2025-07-10 09:31:59+05:30,28.95,150
2025-07-10 09:32:00+05:30,28.95,150
2025-07-10 09:32:00+05:30,27.35,75
2025-07-10 09:32:01+05:30,26.65,300
2025-07-10 09:32:01+05:30,26.8,75
2025-07-10 09:32:02+05:30,26.85,75
2025-07-10 09:32:03+05:30,26.55,75
2025-07-10 09:32:03+05:30,26.75,75
2025-07-10 09:32:04+05:30,26.7,75
2025-07-10 09:32:04+05:30,26.75,75
2025-07-10 09:32:05+05:30,26.8,75
2025-07-10 09:32:06+05:30,26.8,75
2025-07-10 09:32:06+05:30,26.75,1650
2025-07-10 09:32:08+05:30,26.5,75
2025-07-10 09:32:08+05:30,26.55,75
2025-07-10 09:32:08+05:30,27.15,75
2025-07-10 09:32:09+05:30,27.35,150
2025-07-10 09:32:09+05:30,27.45,225
2025-07-10 09:32:10+05:30,26.9,150
2025-07-10 09:32:11+05:30,27.15,600
2025-07-10 09:32:11+05:30,27.1,150
2025-07-10 09:32:12+05:30,27.25,150
2025-07-10 09:32:13+05:30,27.3,75
2025-07-10 09:32:13+05:30,27.25,75
2025-07-10 09:32:14+05:30,27.5,75
2025-07-10 09:32:14+05:30,27.6,75
2025-07-10 09:32:16+05:30,27.85,75
2025-07-10 09:32:16+05:30,27.75,300
2025-07-10 09:32:17+05:30,27.75,75
2025-07-10 09:32:18+05:30,27.8,75
2025-07-10 09:32:18+05:30,27.7,75
2025-07-10 09:32:19+05:30,27.25,225
2025-07-10 09:32:19+05:30,27.2,75
2025-07-10 09:32:20+05:30,27.5,225
2025-07-10 09:32:21+05:30,27.5,675
2025-07-10 09:32:21+05:30,27.45,75
2025-07-10 09:32:22+05:30,27.15,75
2025-07-10 09:32:23+05:30,27.0,75
2025-07-10 09:32:23+05:30,26.9,75
2025-07-10 09:32:24+05:30,26.6,75
2025-07-10 09:32:24+05:30,26.7,75
2025-07-10 09:32:26+05:30,26.45,75
2025-07-10 09:32:26+05:30,26.65,225
2025-07-10 09:32:27+05:30,26.4,75
2025-07-10 09:32:28+05:30,26.2,75
2025-07-10 09:32:28+05:30,26.45,75
2025-07-10 09:32:29+05:30,26.35,300
2025-07-10 09:32:29+05:30,26.3,75
2025-07-10 09:32:30+05:30,26.3,75
2025-07-10 09:32:30+05:30,26.5,75
2025-07-10 09:32:31+05:30,26.45,1125
2025-07-10 09:32:31+05:30,26.6,75
2025-07-10 09:32:33+05:30,26.35,150
2025-07-10 09:32:33+05:30,26.4,75
2025-07-10 09:32:33+05:30,26.55,150
2025-07-10 09:32:34+05:30,26.7,225
2025-07-10 09:32:34+05:30,26.55,75
2025-07-10 09:32:35+05:30,26.75,300
2025-07-10 09:32:36+05:30,26.75,450
2025-07-10 09:32:36+05:30,26.6,75
2025-07-10 09:32:37+05:30,26.5,75
2025-07-10 09:32:38+05:30,26.6,375
2025-07-10 09:32:38+05:30,26.9,900
2025-07-10 09:32:39+05:30,26.95,75
2025-07-10 09:32:39+05:30,27.05,450
2025-07-10 09:32:40+05:30,26.6,75
2025-07-10 09:32:41+05:30,26.75,75
2025-07-10 09:32:41+05:30,26.8,825
2025-07-10 09:32:42+05:30,26.75,75
2025-07-10 09:32:43+05:30,26.7,75
2025-07-10 09:32:43+05:30,26.65,75
2025-07-10 09:32:44+05:30,26.6,75
2025-07-10 09:32:44+05:30,26.7,75
2025-07-10 09:32:45+05:30,26.55,525
2025-07-10 09:32:46+05:30,26.8,75
2025-07-10 09:32:47+05:30,26.9,75
2025-07-10 09:32:47+05:30,26.8,75
2025-07-10 09:32:48+05:30,26.9,225
2025-07-10 09:32:48+05:30,26.75,75
2025-07-10 09:32:49+05:30,26.85,75
2025-07-10 09:32:49+05:30,26.95,900
2025-07-10 09:32:50+05:30,27.0,75
2025-07-10 09:32:51+05:30,27.15,75
2025-07-10 09:32:51+05:30,27.15,750
2025-07-10 09:32:52+05:30,26.9,75
2025-07-10 09:32:53+05:30,26.95,150
2025-07-10 09:32:53+05:30,26.75,75
2025-07-10 09:32:54+05:30,26.65,75
2025-07-10 09:32:54+05:30,26.8,375
2025-07-10 09:32:55+05:30,27.0,75
2025-07-10 09:32:56+05:30,27.1,75
2025-07-10 09:32:56+05:30,27.4,225
2025-07-10 09:32:57+05:30,27.25,525
2025-07-10 09:32:58+05:30,27.35,75
2025-07-10 09:32:58+05:30,27.8,75
2025-07-10 09:32:59+05:30,27.7,150
2025-07-10 09:32:59+05:30,27.65,1275
2025-07-10 09:33:00+05:30,27.65,1275
2025-07-10 09:33:00+05:30,27.2,75
2025-07-10 09:33:01+05:30,27.35,225
2025-07-10 09:33:01+05:30,27.2,150
2025-07-10 09:33:02+05:30,27.85,225
2025-07-10 09:33:03+05:30,27.6,150
2025-07-10 09:33:03+05:30,27.55,900
2025-07-10 09:33:04+05:30,27.4,75
2025-07-10 09:33:04+05:30,27.5,75
2025-07-10 09:33:05+05:30,27.35,75
2025-07-10 09:33:06+05:30,27.2,450
2025-07-10 09:33:06+05:30,27.2,75
2025-07-10 09:33:07+05:30,27.0,75
2025-07-10 09:33:08+05:30,27.05,150
2025-07-10 09:33:08+05:30,26.7,150
2025-07-10 09:33:09+05:30,26.85,75
2025-07-10 09:33:09+05:30,26.8,225
2025-07-10 09:33:10+05:30,26.2,75
2025-07-10 09:33:11+05:30,26.35,75
2025-07-10 09:33:12+05:30,26.55,225
2025-07-10 09:33:13+05:30,26.4,75
2025-07-10 09:33:13+05:30,26.8,75
2025-07-10 09:33:14+05:30,27.0,75
2025-07-10 09:33:14+05:30,27.15,75
2025-07-10 09:33:15+05:30,26.95,825
2025-07-10 09:33:16+05:30,27.1,75
2025-07-10 09:33:16+05:30,27.25,75
2025-07-10 09:33:17+05:30,27.5,75
2025-07-10 09:33:18+05:30,27.4,75
2025-07-10 09:33:18+05:30,27.45,150
2025-07-10 09:33:19+05:30,27.15,225
2025-07-10 09:33:19+05:30,27.05,150
2025-07-10 09:33:20+05:30,26.55,75
2025-07-10 09:33:21+05:30,26.85,75
2025-07-10 09:33:21+05:30,26.75,750
2025-07-10 09:33:22+05:30,26.9,75
2025-07-10 09:33:23+05:30,26.9,75
2025-07-10 09:33:23+05:30,26.9,75
2025-07-10 09:33:24+05:30,27.05,75
2025-07-10 09:33:24+05:30,27.0,75
2025-07-10 09:33:25+05:30,27.05,75
2025-07-10 09:33:26+05:30,26.95,75
2025-07-10 09:33:26+05:30,27.1,150
2025-07-10 09:33:27+05:30,27.25,75
2025-07-10 09:33:28+05:30,27.2,75
2025-07-10 09:33:28+05:30,27.0,75
2025-07-10 09:33:29+05:30,26.85,75
2025-07-10 09:33:29+05:30,27.0,75
2025-07-10 09:33:30+05:30,27.0,75
2025-07-10 09:33:30+05:30,26.7,75
2025-07-10 09:33:31+05:30,27.05,375
2025-07-10 09:33:31+05:30,26.95,75
2025-07-10 09:33:32+05:30,26.65,225
2025-07-10 09:33:33+05:30,26.75,75
2025-07-10 09:33:33+05:30,26.9,225
2025-07-10 09:33:34+05:30,26.7,225
2025-07-10 09:33:34+05:30,26.7,225
2025-07-10 09:33:35+05:30,27.05,75
2025-07-10 09:33:36+05:30,27.35,75
2025-07-10 09:33:36+05:30,27.4,1050
2025-07-10 09:33:37+05:30,27.6,375
2025-07-10 09:33:38+05:30,27.55,675
2025-07-10 09:33:38+05:30,27.15,75
2025-07-10 09:33:39+05:30,26.85,75
2025-07-10 09:33:39+05:30,26.65,75
2025-07-10 09:33:40+05:30,26.85,75
2025-07-10 09:33:41+05:30,26.8,150
2025-07-10 09:33:41+05:30,26.85,225
2025-07-10 09:33:42+05:30,26.9,225
2025-07-10 09:33:43+05:30,27.1,525
2025-07-10 09:33:43+05:30,27.05,75
2025-07-10 09:33:44+05:30,27.15,75
2025-07-10 09:33:44+05:30,27.15,225
2025-07-10 09:33:45+05:30,27.0,225
2025-07-10 09:33:46+05:30,27.1,75
2025-07-10 09:33:46+05:30,27.0,150
2025-07-10 09:33:47+05:30,27.15,75
2025-07-10 09:33:48+05:30,27.05,150
2025-07-10 09:33:48+05:30,26.85,75
2025-07-10 09:33:49+05:30,26.45,75
2025-07-10 09:33:50+05:30,26.0,75
2025-07-10 09:33:50+05:30,26.2,75
2025-07-10 09:33:51+05:30,26.4,75
2025-07-10 09:33:51+05:30,26.25,150
2025-07-10 09:33:52+05:30,26.5,525
2025-07-10 09:33:53+05:30,26.6,75
2025-07-10 09:33:53+05:30,26.6,75
2025-07-10 09:33:54+05:30,26.55,75
2025-07-10 09:33:54+05:30,26.65,75
2025-07-10 09:33:55+05:30,26.8,225
2025-07-10 09:33:56+05:30,26.65,75
2025-07-10 09:33:56+05:30,26.7,75
2025-07-10 09:33:57+05:30,26.8,75
2025-07-10 09:33:58+05:30,26.8,75
2025-07-10 09:33:58+05:30,26.5,900
2025-07-10 09:33:59+05:30,26.2,75
2025-07-10 09:33:59+05:30,26.35,75
2025-07-10 09:34:00+05:30,26.35,75
2025-07-10 09:34:00+05:30,26.2,75
2025-07-10 09:34:01+05:30,26.45,150
2025-07-10 09:34:01+05:30,26.3,75
2025-07-10 09:34:02+05:30,26.25,150
2025-07-10 09:34:03+05:30,26.15,600
2025-07-10 09:34:03+05:30,26.3,75
2025-07-10 09:34:04+05:30,26.4,75
2025-07-10 09:34:04+05:30,26.4,150
2025-07-10 09:34:05+05:30,26.45,150
2025-07-10 09:34:06+05:30,26.55,300
2025-07-10 09:34:06+05:30,26.4,75
2025-07-10 09:34:07+05:30,26.5,75
2025-07-10 09:34:08+05:30,26.65,75
2025-07-10 09:34:08+05:30,26.5,300
2025-07-10 09:34:09+05:30,26.35,75
2025-07-10 09:34:09+05:30,26.25,75
2025-07-10 09:34:10+05:30,26.85,75
2025-07-10 09:34:11+05:30,26.75,225
2025-07-10 09:34:11+05:30,26.75,75
2025-07-10 09:34:12+05:30,27.6,675
2025-07-10 09:34:13+05:30,27.45,150
2025-07-10 09:34:13+05:30,27.55,225
2025-07-10 09:34:14+05:30,27.4,225
2025-07-10 09:34:14+05:30,27.4,75
2025-07-10 09:34:15+05:30,27.5,75
2025-07-10 09:34:16+05:30,27.35,75
2025-07-10 09:34:16+05:30,26.75,75
2025-07-10 09:34:17+05:30,27.2,300
2025-07-10 09:34:18+05:30,27.1,75
2025-07-10 09:34:18+05:30,26.95,150
2025-07-10 09:34:19+05:30,26.9,75
2025-07-10 09:34:19+05:30,26.95,150
2025-07-10 09:34:20+05:30,26.6,300
2025-07-10 09:34:21+05:30,26.95,300
2025-07-10 09:34:21+05:30,27.1,75
2025-07-10 09:34:22+05:30,27.05,75
2025-07-10 09:34:23+05:30,27.05,75
2025-07-10 09:34:23+05:30,26.8,75
2025-07-10 09:34:24+05:30,26.9,75
2025-07-10 09:34:24+05:30,26.85,75
2025-07-10 09:34:25+05:30,26.85,75
2025-07-10 09:34:25+05:30,26.75,150
2025-07-10 09:34:26+05:30,26.95,300
2025-07-10 09:34:26+05:30,27.15,225
2025-07-10 09:34:27+05:30,27.45,75
2025-07-10 09:34:28+05:30,27.4,150
2025-07-10 09:34:28+05:30,27.1,75
2025-07-10 09:34:29+05:30,26.85,225
2025-07-10 09:34:29+05:30,26.9,75
2025-07-10 09:34:30+05:30,26.9,75
2025-07-10 09:34:30+05:30,26.85,300
2025-07-10 09:34:31+05:30,26.95,225
2025-07-10 09:34:31+05:30,26.95,75
2025-07-10 09:34:32+05:30,27.25,150
2025-07-10 09:34:33+05:30,27.35,150
2025-07-10 09:34:33+05:30,27.45,75
2025-07-10 09:34:34+05:30,27.45,450
2025-07-10 09:34:34+05:30,27.5,450
2025-07-10 09:34:35+05:30,27.65,300
2025-07-10 09:34:36+05:30,27.65,75
2025-07-10 09:34:36+05:30,27.7,225
2025-07-10 09:34:37+05:30,28.1,225
2025-07-10 09:34:38+05:30,28.1,75
2025-07-10 09:34:38+05:30,28.2,75
2025-07-10 09:34:39+05:30,28.0,75
2025-07-10 09:34:39+05:30,28.1,225
2025-07-10 09:34:40+05:30,27.75,75
2025-07-10 09:34:41+05:30,27.8,150
2025-07-10 09:34:41+05:30,27.8,75
2025-07-10 09:34:42+05:30,27.8,150
2025-07-10 09:34:43+05:30,27.7,150
2025-07-10 09:34:43+05:30,27.65,150
2025-07-10 09:34:44+05:30,27.65,75
2025-07-10 09:34:44+05:30,27.65,75
2025-07-10 09:34:45+05:30,27.7,75
2025-07-10 09:34:46+05:30,27.7,75
2025-07-10 09:34:46+05:30,27.55,75
2025-07-10 09:34:47+05:30,27.65,75
2025-07-10 09:34:48+05:30,27.65,600
2025-07-10 09:34:48+05:30,27.6,75
2025-07-10 09:34:49+05:30,27.3,75
2025-07-10 09:34:49+05:30,27.3,225
2025-07-10 09:34:50+05:30,27.35,900
2025-07-10 09:34:51+05:30,28.0,150
2025-07-10 09:34:51+05:30,27.9,150
2025-07-10 09:34:52+05:30,27.95,150
2025-07-10 09:34:53+05:30,27.75,150
2025-07-10 09:34:53+05:30,27.7,75
2025-07-10 09:34:54+05:30,27.85,75
2025-07-10 09:34:54+05:30,27.85,600
2025-07-10 09:34:55+05:30,28.3,300
2025-07-10 09:34:56+05:30,28.2,75
2025-07-10 09:34:56+05:30,28.3,75
2025-07-10 09:34:57+05:30,28.4,1050
2025-07-10 09:34:58+05:30,28.55,75
2025-07-10 09:34:58+05:30,28.45,1500
2025-07-10 09:34:59+05:30,28.7,75
2025-07-10 09:34:59+05:30,28.6,225
2025-07-10 09:35:00+05:30,28.6,225
2025-07-10 09:35:00+05:30,29.1,75
2025-07-10 09:35:01+05:30,28.8,150
2025-07-10 09:35:01+05:30,29.05,150
2025-07-10 09:35:02+05:30,29.05,300
2025-07-10 09:35:03+05:30,29.1,300
2025-07-10 09:35:03+05:30,29.15,300
2025-07-10 09:35:04+05:30,29.15,150
2025-07-10 09:35:04+05:30,29.1,75
2025-07-10 09:35:05+05:30,28.8,600
2025-07-10 09:35:06+05:30,29.2,75
2025-07-10 09:35:06+05:30,28.9,225
2025-07-10 09:35:07+05:30,29.05,150
2025-07-10 09:35:08+05:30,29.0,75
2025-07-10 09:35:08+05:30,28.85,150
2025-07-10 09:35:09+05:30,29.05,300
2025-07-10 09:35:09+05:30,29.05,75
2025-07-10 09:35:10+05:30,29.35,300
2025-07-10 09:35:11+05:30,29.15,75
2025-07-10 09:35:12+05:30,29.2,150
2025-07-10 09:35:12+05:30,29.05,375
2025-07-10 09:35:13+05:30,29.05,150
2025-07-10 09:35:14+05:30,29.25,75
2025-07-10 09:35:14+05:30,29.5,75
2025-07-10 09:35:15+05:30,29.0,75
2025-07-10 09:35:16+05:30,29.2,75
2025-07-10 09:35:16+05:30,29.1,750
2025-07-10 09:35:17+05:30,28.8,75
2025-07-10 09:35:18+05:30,29.0,75
2025-07-10 09:35:18+05:30,29.0,75
2025-07-10 09:35:19+05:30,28.2,75
2025-07-10 09:35:19+05:30,28.5,150
2025-07-10 09:35:20+05:30,28.4,75
2025-07-10 09:35:21+05:30,28.8,75
2025-07-10 09:35:21+05:30,28.8,75
2025-07-10 09:35:22+05:30,29.15,75
2025-07-10 09:35:23+05:30,29.55,150
2025-07-10 09:35:23+05:30,29.75,150
2025-07-10 09:35:24+05:30,29.7,150
2025-07-10 09:35:24+05:30,30.35,225
2025-07-10 09:35:25+05:30,30.25,75
2025-07-10 09:35:26+05:30,30.6,225
2025-07-10 09:35:26+05:30,30.95,150
2025-07-10 09:35:27+05:30,31.2,150
2025-07-10 09:35:28+05:30,31.1,75
2025-07-10 09:35:28+05:30,31.35,150
2025-07-10 09:35:29+05:30,30.55,375
2025-07-10 09:35:29+05:30,30.65,75
2025-07-10 09:35:30+05:30,30.9,75
2025-07-10 09:35:30+05:30,30.9,75
2025-07-10 09:35:31+05:30,31.1,75
2025-07-10 09:35:31+05:30,31.25,75
2025-07-10 09:35:32+05:30,31.15,150
2025-07-10 09:35:33+05:30,31.15,75
2025-07-10 09:35:33+05:30,31.15,75
2025-07-10 09:35:34+05:30,31.15,75
2025-07-10 09:35:34+05:30,31.15,600
2025-07-10 09:35:35+05:30,31.25,150
2025-07-10 09:35:36+05:30,31.3,75
2025-07-10 09:35:36+05:30,31.55,75
2025-07-10 09:35:37+05:30,31.45,75
2025-07-10 09:35:38+05:30,31.3,300
2025-07-10 09:35:39+05:30,31.45,150
2025-07-10 09:35:39+05:30,31.2,75
2025-07-10 09:35:40+05:30,31.2,75
2025-07-10 09:35:41+05:30,30.7,225
2025-07-10 09:35:41+05:30,30.7,75
2025-07-10 09:35:42+05:30,31.05,300
2025-07-10 09:35:43+05:30,30.9,75
2025-07-10 09:35:43+05:30,30.9,75
2025-07-10 09:35:44+05:30,31.0,450
2025-07-10 09:35:44+05:30,30.95,1125
2025-07-10 09:35:45+05:30,31.0,75
2025-07-10 09:35:46+05:30,31.2,225
2025-07-10 09:35:46+05:30,31.0,225
2025-07-10 09:35:47+05:30,30.9,75
2025-07-10 09:35:47+05:30,30.85,300
2025-07-10 09:35:48+05:30,30.8,75
2025-07-10 09:35:49+05:30,30.8,300
2025-07-10 09:35:50+05:30,30.75,225
2025-07-10 09:35:51+05:30,30.6,150
2025-07-10 09:35:51+05:30,30.2,150
2025-07-10 09:35:52+05:30,29.65,150
2025-07-10 09:35:52+05:30,29.9,150
2025-07-10 09:35:53+05:30,29.9,75
2025-07-10 09:35:54+05:30,29.95,150
2025-07-10 09:35:54+05:30,30.15,75
2025-07-10 09:35:55+05:30,30.2,75
2025-07-10 09:35:56+05:30,30.35,75
2025-07-10 09:35:56+05:30,30.3,75
2025-07-10 09:35:57+05:30,30.75,150
2025-07-10 09:35:57+05:30,30.7,75
2025-07-10 09:35:58+05:30,30.7,525
2025-07-10 09:35:59+05:30,30.2,150
2025-07-10 09:35:59+05:30,29.85,450
2025-07-10 09:36:00+05:30,29.9,150
2025-07-10 09:36:00+05:30,29.9,150
2025-07-10 09:36:01+05:30,29.6,150
2025-07-10 09:36:01+05:30,29.45,150
2025-07-10 09:36:02+05:30,29.4,300
2025-07-10 09:36:02+05:30,29.6,75
2025-07-10 09:36:03+05:30,29.5,75
2025-07-10 09:36:04+05:30,29.85,75
2025-07-10 09:36:04+05:30,29.7,1350
2025-07-10 09:36:05+05:30,29.75,75
2025-07-10 09:36:06+05:30,30.55,75
2025-07-10 09:36:06+05:30,30.3,1200
2025-07-10 09:36:07+05:30,30.5,75
2025-07-10 09:36:07+05:30,30.6,75
2025-07-10 09:36:08+05:30,30.45,150
2025-07-10 09:36:09+05:30,29.65,150
2025-07-10 09:36:09+05:30,29.3,75
2025-07-10 09:36:10+05:30,29.25,75
2025-07-10 09:36:11+05:30,29.3,75
2025-07-10 09:36:12+05:30,29.65,75
2025-07-10 09:36:12+05:30,29.35,300
2025-07-10 09:36:13+05:30,29.5,75
2025-07-10 09:36:14+05:30,29.85,75
2025-07-10 09:36:14+05:30,30.0,75
2025-07-10 09:36:15+05:30,29.95,75
2025-07-10 09:36:16+05:30,30.05,225
2025-07-10 09:36:16+05:30,30.05,75
2025-07-10 09:36:17+05:30,29.75,75
2025-07-10 09:36:17+05:30,29.85,75
2025-07-10 09:36:18+05:30,29.7,75
2025-07-10 09:36:19+05:30,29.65,600
2025-07-10 09:36:19+05:30,29.75,75
2025-07-10 09:36:20+05:30,29.65,75
2025-07-10 09:36:21+05:30,29.9,75
2025-07-10 09:36:21+05:30,29.95,75
2025-07-10 09:36:22+05:30,29.9,75
2025-07-10 09:36:23+05:30,30.25,75
2025-07-10 09:36:23+05:30,30.1,225
2025-07-10 09:36:24+05:30,30.1,75
2025-07-10 09:36:24+05:30,30.05,75
2025-07-10 09:36:25+05:30,30.0,75
2025-07-10 09:36:26+05:30,29.8,75
2025-07-10 09:36:26+05:30,29.8,75
2025-07-10 09:36:27+05:30,29.85,75
2025-07-10 09:36:28+05:30,29.45,225
2025-07-10 09:36:28+05:30,29.4,750
2025-07-10 09:36:29+05:30,29.35,150
2025-07-10 09:36:29+05:30,28.55,75
2025-07-10 09:36:30+05:30,28.55,75
2025-07-10 09:36:30+05:30,28.6,150
2025-07-10 09:36:31+05:30,28.55,150
2025-07-10 09:36:31+05:30,28.6,75
2025-07-10 09:36:32+05:30,28.8,75
2025-07-10 09:36:33+05:30,28.8,75
2025-07-10 09:36:33+05:30,28.9,150
2025-07-10 09:36:34+05:30,28.85,300
2025-07-10 09:36:34+05:30,29.1,225
2025-07-10 09:36:35+05:30,29.05,75
2025-07-10 09:36:36+05:30,28.75,150
2025-07-10 09:36:36+05:30,28.7,75
2025-07-10 09:36:37+05:30,29.05,75
2025-07-10 09:36:38+05:30,28.8,75
2025-07-10 09:36:38+05:30,28.8,225
2025-07-10 09:36:39+05:30,28.5,75
2025-07-10 09:36:39+05:30,28.9,225
2025-07-10 09:36:40+05:30,28.8,75
2025-07-10 09:36:41+05:30,28.85,75
2025-07-10 09:36:41+05:30,28.85,75
2025-07-10 09:36:42+05:30,29.25,75
2025-07-10 09:36:43+05:30,29.3,75
2025-07-10 09:36:43+05:30,29.25,75
2025-07-10 09:36:44+05:30,28.95,75
2025-07-10 09:36:44+05:30,28.9,75
2025-07-10 09:36:45+05:30,28.9,75
2025-07-10 09:36:46+05:30,27.35,75
2025-07-10 09:36:46+05:30,27.55,150
2025-07-10 09:36:47+05:30,27.8,75
2025-07-10 09:36:47+05:30,27.85,375
2025-07-10 09:36:48+05:30,27.6,75
2025-07-10 09:36:49+05:30,27.8,150
2025-07-10 09:36:49+05:30,27.85,75
2025-07-10 09:36:50+05:30,27.8,75
2025-07-10 09:36:51+05:30,27.7,375
2025-07-10 09:36:51+05:30,27.6,225
2025-07-10 09:36:52+05:30,28.2,450
2025-07-10 09:36:52+05:30,28.25,75
2025-07-10 09:36:53+05:30,28.1,75
2025-07-10 09:36:54+05:30,28.0,75
2025-07-10 09:36:54+05:30,28.1,75
2025-07-10 09:36:55+05:30,27.95,300
2025-07-10 09:36:56+05:30,27.7,75
2025-07-10 09:36:56+05:30,27.75,75
2025-07-10 09:36:57+05:30,28.15,150
2025-07-10 09:36:57+05:30,28.4,75
2025-07-10 09:36:58+05:30,28.85,75
2025-07-10 09:36:59+05:30,29.15,75
2025-07-10 09:36:59+05:30,28.7,75
2025-07-10 09:37:00+05:30,28.7,75
2025-07-10 09:37:00+05:30,28.8,75
2025-07-10 09:37:01+05:30,28.45,75
2025-07-10 09:37:01+05:30,28.3,75
2025-07-10 09:37:02+05:30,28.3,75
2025-07-10 09:37:02+05:30,28.35,75
2025-07-10 09:37:03+05:30,28.45,375
2025-07-10 09:37:04+05:30,28.4,75
2025-07-10 09:37:04+05:30,28.4,75
2025-07-10 09:37:05+05:30,28.35,150
2025-07-10 09:37:06+05:30,28.3,75
2025-07-10 09:37:06+05:30,28.6,150
2025-07-10 09:37:07+05:30,28.7,75
2025-07-10 09:37:07+05:30,28.9,75
2025-07-10 09:37:08+05:30,28.75,75
2025-07-10 09:37:09+05:30,28.4,450
2025-07-10 09:37:09+05:30,27.95,150
2025-07-10 09:37:10+05:30,27.85,75
2025-07-10 09:37:11+05:30,27.2,150
2025-07-10 09:37:11+05:30,27.25,75
2025-07-10 09:37:12+05:30,27.15,525
2025-07-10 09:37:12+05:30,27.05,150
2025-07-10 09:37:13+05:30,27.0,75
2025-07-10 09:37:14+05:30,26.8,75
2025-07-10 09:37:14+05:30,26.85,225
2025-07-10 09:37:15+05:30,26.9,75
2025-07-10 09:37:16+05:30,26.8,75
2025-07-10 09:37:16+05:30,26.9,525
2025-07-10 09:37:17+05:30,27.15,300
2025-07-10 09:37:17+05:30,27.2,75
2025-07-10 09:37:18+05:30,27.15,75
2025-07-10 09:37:19+05:30,26.8,150
2025-07-10 09:37:19+05:30,26.8,75
2025-07-10 09:37:20+05:30,27.3,75
2025-07-10 09:37:21+05:30,27.0,75
2025-07-10 09:37:21+05:30,26.85,150
2025-07-10 09:37:22+05:30,27.15,75
2025-07-10 09:37:22+05:30,27.1,975
2025-07-10 09:37:23+05:30,27.0,150
2025-07-10 09:37:24+05:30,26.95,75
2025-07-10 09:37:24+05:30,27.15,225
2025-07-10 09:37:25+05:30,27.1,300
2025-07-10 09:37:26+05:30,27.05,75
2025-07-10 09:37:26+05:30,27.05,1350
2025-07-10 09:37:27+05:30,27.0,300
2025-07-10 09:37:27+05:30,26.2,150
2025-07-10 09:37:28+05:30,26.1,375
2025-07-10 09:37:29+05:30,26.2,450
2025-07-10 09:37:29+05:30,26.0,225
2025-07-10 09:37:30+05:30,26.0,225
2025-07-10 09:37:30+05:30,26.25,75
2025-07-10 09:37:31+05:30,26.4,75
2025-07-10 09:37:31+05:30,26.45,225
2025-07-10 09:37:32+05:30,26.15,150
2025-07-10 09:37:32+05:30,25.85,150
2025-07-10 09:37:33+05:30,25.85,150
2025-07-10 09:37:34+05:30,26.15,450
2025-07-10 09:37:34+05:30,25.75,150
2025-07-10 09:37:35+05:30,25.75,75
2025-07-10 09:37:36+05:30,26.1,75
2025-07-10 09:37:36+05:30,26.2,75
2025-07-10 09:37:37+05:30,26.1,150
2025-07-10 09:37:37+05:30,26.2,75
2025-07-10 09:37:38+05:30,26.1,75
2025-07-10 09:37:39+05:30,25.75,75
2025-07-10 09:37:39+05:30,25.75,75
2025-07-10 09:37:40+05:30,25.8,75
2025-07-10 09:37:41+05:30,26.15,75
2025-07-10 09:37:41+05:30,26.35,150
2025-07-10 09:37:42+05:30,26.4,150
2025-07-10 09:37:42+05:30,26.3,75
2025-07-10 09:37:43+05:30,26.5,225
2025-07-10 09:37:44+05:30,26.2,75
2025-07-10 09:37:44+05:30,26.2,75
2025-07-10 09:37:45+05:30,26.25,150
2025-07-10 09:37:46+05:30,26.05,75
2025-07-10 09:37:46+05:30,26.0,75
2025-07-10 09:37:47+05:30,26.05,75
2025-07-10 09:37:47+05:30,26.05,75
2025-07-10 09:37:48+05:30,26.05,675
2025-07-10 09:37:49+05:30,26.15,300
2025-07-10 09:37:49+05:30,26.15,225
2025-07-10 09:37:50+05:30,26.05,225
2025-07-10 09:37:51+05:30,26.3,75
2025-07-10 09:37:51+05:30,26.25,75
2025-07-10 09:37:52+05:30,26.6,150
2025-07-10 09:37:52+05:30,26.6,75
2025-07-10 09:37:53+05:30,26.65,975
2025-07-10 09:37:54+05:30,26.85,75
2025-07-10 09:37:54+05:30,27.0,75
2025-07-10 09:37:55+05:30,27.35,150
2025-07-10 09:37:56+05:30,27.4,450
2025-07-10 09:37:56+05:30,27.45,75
2025-07-10 09:37:57+05:30,27.4,150
2025-07-10 09:37:57+05:30,27.35,75
2025-07-10 09:37:58+05:30,27.3,75
2025-07-10 09:37:59+05:30,26.95,225
2025-07-10 09:37:59+05:30,26.7,75
2025-07-10 09:38:00+05:30,26.7,75
2025-07-10 09:38:00+05:30,26.85,150
2025-07-10 09:38:01+05:30,27.25,75
2025-07-10 09:38:01+05:30,27.25,75
2025-07-10 09:38:02+05:30,27.2,75
2025-07-10 09:38:02+05:30,27.3,75
2025-07-10 09:38:03+05:30,27.35,75
2025-07-10 09:38:04+05:30,26.95,75
2025-07-10 09:38:04+05:30,27.0,75
2025-07-10 09:38:05+05:30,26.85,75
2025-07-10 09:38:06+05:30,26.95,75
2025-07-10 09:38:06+05:30,26.95,75
2025-07-10 09:38:07+05:30,27.1,75
2025-07-10 09:38:07+05:30,27.0,225
2025-07-10 09:38:08+05:30,27.1,150
2025-07-10 09:38:09+05:30,26.95,75
2025-07-10 09:38:09+05:30,27.0,75
2025-07-10 09:38:10+05:30,26.8,75
2025-07-10 09:38:11+05:30,26.45,75
2025-07-10 09:38:11+05:30,26.45,375
2025-07-10 09:38:12+05:30,26.3,1050
2025-07-10 09:38:12+05:30,26.3,150
2025-07-10 09:38:13+05:30,26.3,75
2025-07-10 09:38:14+05:30,26.2,300
2025-07-10 09:38:14+05:30,26.35,525
2025-07-10 09:38:15+05:30,26.55,150
2025-07-10 09:38:16+05:30,26.5,75
2025-07-10 09:38:16+05:30,26.4,75
2025-07-10 09:38:17+05:30,26.2,225
2025-07-10 09:38:17+05:30,26.15,150
2025-07-10 09:38:18+05:30,26.2,150
2025-07-10 09:38:19+05:30,26.0,75
2025-07-10 09:38:19+05:30,26.1,75
2025-07-10 09:38:20+05:30,25.7,150
2025-07-10 09:38:21+05:30,25.9,225
2025-07-10 09:38:21+05:30,25.8,75
2025-07-10 09:38:22+05:30,25.6,75
2025-07-10 09:38:22+05:30,26.25,525
2025-07-10 09:38:23+05:30,26.2,225
2025-07-10 09:38:24+05:30,26.35,150
2025-07-10 09:38:24+05:30,26.5,150
2025-07-10 09:38:25+05:30,26.7,75
2025-07-10 09:38:26+05:30,26.6,75
2025-07-10 09:38:26+05:30,26.6,150
2025-07-10 09:38:27+05:30,26.65,150
2025-07-10 09:38:27+05:30,26.3,75
2025-07-10 09:38:28+05:30,26.1,225
2025-07-10 09:38:29+05:30,25.9,75
2025-07-10 09:38:29+05:30,25.85,75
2025-07-10 09:38:30+05:30,25.85,75
2025-07-10 09:38:30+05:30,25.95,75
2025-07-10 09:38:31+05:30,26.05,150
2025-07-10 09:38:31+05:30,26.1,1050
2025-07-10 09:38:32+05:30,26.0,75
2025-07-10 09:38:33+05:30,26.2,75
2025-07-10 09:38:33+05:30,26.25,150
2025-07-10 09:38:34+05:30,26.1,75
2025-07-10 09:38:34+05:30,26.05,75
2025-07-10 09:38:35+05:30,25.8,75
2025-07-10 09:38:36+05:30,25.9,75
2025-07-10 09:38:36+05:30,25.9,75
2025-07-10 09:38:37+05:30,25.8,75
2025-07-10 09:38:38+05:30,25.8,75
2025-07-10 09:38:38+05:30,25.45,75
2025-07-10 09:38:39+05:30,25.25,975
2025-07-10 09:38:39+05:30,25.05,75
2025-07-10 09:38:40+05:30,24.95,75
2025-07-10 09:38:41+05:30,25.2,75
2025-07-10 09:38:41+05:30,25.25,150
2025-07-10 09:38:42+05:30,25.3,75
2025-07-10 09:38:43+05:30,25.5,75
2025-07-10 09:38:43+05:30,25.45,75
2025-07-10 09:38:44+05:30,25.5,1125
2025-07-10 09:38:44+05:30,25.3,75
2025-07-10 09:38:45+05:30,25.3,375
2025-07-10 09:38:46+05:30,25.15,150
2025-07-10 09:38:46+05:30,25.1,225
2025-07-10 09:38:47+05:30,25.05,150
2025-07-10 09:38:47+05:30,25.05,900
2025-07-10 09:38:48+05:30,25.1,75
2025-07-10 09:38:49+05:30,24.7,150
2025-07-10 09:38:49+05:30,24.8,75
2025-07-10 09:38:50+05:30,24.85,750
2025-07-10 09:38:51+05:30,24.9,750
2025-07-10 09:38:51+05:30,24.9,150
2025-07-10 09:38:52+05:30,24.9,300
2025-07-10 09:38:52+05:30,24.5,75
2025-07-10 09:38:53+05:30,24.3,75
2025-07-10 09:38:54+05:30,24.55,75
2025-07-10 09:38:54+05:30,24.5,75
2025-07-10 09:38:55+05:30,24.3,75
2025-07-10 09:38:56+05:30,24.4,300
2025-07-10 09:38:56+05:30,24.2,150
2025-07-10 09:38:57+05:30,24.3,75
2025-07-10 09:38:57+05:30,24.7,75
2025-07-10 09:38:58+05:30,24.45,75
2025-07-10 09:38:59+05:30,24.65,75
2025-07-10 09:39:00+05:30,24.65,75
2025-07-10 09:39:00+05:30,24.65,75
2025-07-10 09:39:01+05:30,24.7,75
2025-07-10 09:39:01+05:30,24.75,75
2025-07-10 09:39:02+05:30,24.8,300
2025-07-10 09:39:02+05:30,24.75,150
2025-07-10 09:39:03+05:30,24.8,150
2025-07-10 09:39:04+05:30,24.9,300
2025-07-10 09:39:04+05:30,25.05,375
2025-07-10 09:39:05+05:30,25.2,300
2025-07-10 09:39:06+05:30,25.3,300
2025-07-10 09:39:06+05:30,25.25,75
2025-07-10 09:39:07+05:30,25.05,450
2025-07-10 09:39:07+05:30,25.25,150
2025-07-10 09:39:08+05:30,25.25,300
2025-07-10 09:39:09+05:30,25.15,75
2025-07-10 09:39:09+05:30,25.2,75
2025-07-10 09:39:10+05:30,25.1,150
2025-07-10 09:39:11+05:30,25.0,75
2025-07-10 09:39:11+05:30,25.2,300
2025-07-10 09:39:12+05:30,25.25,75
2025-07-10 09:39:12+05:30,25.3,75
2025-07-10 09:39:13+05:30,25.15,75
2025-07-10 09:39:14+05:30,25.1,75
2025-07-10 09:39:14+05:30,24.95,75
2025-07-10 09:39:15+05:30,24.9,300
2025-07-10 09:39:16+05:30,24.95,225
2025-07-10 09:39:16+05:30,24.9,150
2025-07-10 09:39:17+05:30,24.95,150
2025-07-10 09:39:17+05:30,24.9,75
2025-07-10 09:39:18+05:30,24.95,150
2025-07-10 09:39:19+05:30,24.75,75
2025-07-10 09:39:19+05:30,24.8,300
2025-07-10 09:39:20+05:30,24.6,75
2025-07-10 09:39:21+05:30,24.65,75
2025-07-10 09:39:21+05:30,24.75,150
2025-07-10 09:39:22+05:30,24.6,75
2025-07-10 09:39:22+05:30,24.6,375
2025-07-10 09:39:23+05:30,24.6,150
2025-07-10 09:39:24+05:30,24.7,75
2025-07-10 09:39:24+05:30,24.8,150
2025-07-10 09:39:25+05:30,24.8,75
2025-07-10 09:39:26+05:30,25.05,75
2025-07-10 09:39:26+05:30,25.05,75
2025-07-10 09:39:27+05:30,24.85,75
2025-07-10 09:39:27+05:30,24.9,75
2025-07-10 09:39:28+05:30,24.75,75
2025-07-10 09:39:29+05:30,24.55,75
2025-07-10 09:39:29+05:30,24.5,75
2025-07-10 09:39:30+05:30,24.5,75
2025-07-10 09:39:30+05:30,24.5,75
2025-07-10 09:39:31+05:30,24.55,300
2025-07-10 09:39:31+05:30,24.55,75
2025-07-10 09:39:32+05:30,24.45,75
2025-07-10 09:39:32+05:30,24.3,675
2025-07-10 09:39:33+05:30,24.15,75
2025-07-10 09:39:34+05:30,24.0,450
2025-07-10 09:39:34+05:30,23.7,75
2025-07-10 09:39:35+05:30,23.9,75
2025-07-10 09:39:36+05:30,24.05,75
2025-07-10 09:39:36+05:30,24.0,75
2025-07-10 09:39:37+05:30,23.95,300
2025-07-10 09:39:37+05:30,24.0,150
2025-07-10 09:39:38+05:30,23.85,1500
2025-07-10 09:39:39+05:30,23.6,75
2025-07-10 09:39:39+05:30,23.8,75
2025-07-10 09:39:40+05:30,23.8,75
2025-07-10 09:39:41+05:30,24.15,150
2025-07-10 09:39:41+05:30,24.15,300
2025-07-10 09:39:42+05:30,24.0,375
2025-07-10 09:39:42+05:30,23.8,150
2025-07-10 09:39:43+05:30,23.7,525
2025-07-10 09:39:44+05:30,23.95,225
2025-07-10 09:39:44+05:30,23.9,75
2025-07-10 09:39:45+05:30,23.85,75
2025-07-10 09:39:46+05:30,23.85,150
2025-07-10 09:39:46+05:30,23.8,150
2025-07-10 09:39:47+05:30,23.7,75
2025-07-10 09:39:47+05:30,23.7,750
2025-07-10 09:39:48+05:30,23.75,450
2025-07-10 09:39:49+05:30,23.5,1425
2025-07-10 09:39:49+05:30,23.7,75
2025-07-10 09:39:50+05:30,23.9,75
2025-07-10 09:39:51+05:30,23.8,75
2025-07-10 09:39:51+05:30,23.9,750
2025-07-10 09:39:52+05:30,24.05,300
2025-07-10 09:39:52+05:30,23.95,75
2025-07-10 09:39:53+05:30,24.05,75
2025-07-10 09:39:54+05:30,24.05,150
2025-07-10 09:39:54+05:30,24.2,75
2025-07-10 09:39:55+05:30,23.9,150
2025-07-10 09:39:56+05:30,23.8,75
2025-07-10 09:39:56+05:30,23.8,75
2025-07-10 09:39:57+05:30,23.95,525
2025-07-10 09:39:57+05:30,24.0,75
2025-07-10 09:39:58+05:30,24.05,75
2025-07-10 09:39:59+05:30,23.85,225
2025-07-10 09:39:59+05:30,23.8,75
2025-07-10 09:40:00+05:30,23.8,75
2025-07-10 09:40:00+05:30,24.0,225
2025-07-10 09:40:01+05:30,24.0,900
2025-07-10 09:40:01+05:30,24.0,75
2025-07-10 09:40:02+05:30,24.1,150
2025-07-10 09:40:02+05:30,24.2,75
2025-07-10 09:40:03+05:30,24.2,75
2025-07-10 09:40:04+05:30,24.0,75
2025-07-10 09:40:04+05:30,23.8,600
2025-07-10 09:40:05+05:30,23.75,75
2025-07-10 09:40:06+05:30,23.8,225
2025-07-10 09:40:06+05:30,23.7,150
2025-07-10 09:40:07+05:30,23.2,300
2025-07-10 09:40:07+05:30,23.5,75
2025-07-10 09:40:08+05:30,23.5,75
2025-07-10 09:40:09+05:30,23.65,75
2025-07-10 09:40:09+05:30,23.45,75
2025-07-10 09:40:10+05:30,23.3,75
2025-07-10 09:40:11+05:30,23.3,900
2025-07-10 09:40:12+05:30,23.2,75
2025-07-10 09:40:12+05:30,23.05,75
2025-07-10 09:40:13+05:30,23.15,75
2025-07-10 09:40:14+05:30,23.3,300
2025-07-10 09:40:14+05:30,23.35,375
2025-07-10 09:40:15+05:30,23.75,75
2025-07-10 09:40:16+05:30,24.05,225
2025-07-10 09:40:16+05:30,24.0,75
2025-07-10 09:40:17+05:30,24.0,75
2025-07-10 09:40:17+05:30,24.1,75
2025-07-10 09:40:18+05:30,24.0,150
2025-07-10 09:40:19+05:30,24.0,75
2025-07-10 09:40:19+05:30,24.1,75
2025-07-10 09:40:20+05:30,24.15,75
2025-07-10 09:40:21+05:30,24.1,225
2025-07-10 09:40:21+05:30,24.15,150
2025-07-10 09:40:22+05:30,24.45,75
2025-07-10 09:40:22+05:30,24.5,75
2025-07-10 09:40:23+05:30,24.8,1500
2025-07-10 09:40:24+05:30,25.0,825
2025-07-10 09:40:24+05:30,25.0,300
2025-07-10 09:40:25+05:30,25.2,150
2025-07-10 09:40:26+05:30,25.0,750
2025-07-10 09:40:26+05:30,25.0,150
2025-07-10 09:40:27+05:30,25.1,75
2025-07-10 09:40:27+05:30,25.0,75
2025-07-10 09:40:28+05:30,24.85,75
2025-07-10 09:40:29+05:30,24.75,75
2025-07-10 09:40:29+05:30,24.7,75
2025-07-10 09:40:30+05:30,24.7,225
2025-07-10 09:40:31+05:30,24.5,150
2025-07-10 09:40:31+05:30,24.5,150
2025-07-10 09:40:32+05:30,24.9,75
2025-07-10 09:40:32+05:30,25.0,225
2025-07-10 09:40:33+05:30,25.1,75
2025-07-10 09:40:34+05:30,25.0,75
2025-07-10 09:40:35+05:30,25.05,75
2025-07-10 09:40:36+05:30,24.95,150
2025-07-10 09:40:36+05:30,24.95,150
2025-07-10 09:40:37+05:30,25.2,1575
2025-07-10 09:40:38+05:30,25.0,75
2025-07-10 09:40:38+05:30,25.05,150
2025-07-10 09:40:39+05:30,25.1,150
2025-07-10 09:40:39+05:30,25.0,75
2025-07-10 09:40:40+05:30,25.0,75
2025-07-10 09:40:41+05:30,24.9,150
2025-07-10 09:40:41+05:30,24.9,225
2025-07-10 09:40:42+05:30,24.9,150
2025-07-10 09:40:43+05:30,25.2,150
2025-07-10 09:40:43+05:30,25.4,750
2025-07-10 09:40:44+05:30,25.3,225
2025-07-10 09:40:44+05:30,25.3,675
2025-07-10 09:40:45+05:30,25.15,300
2025-07-10 09:40:46+05:30,25.05,75
2025-07-10 09:40:46+05:30,25.1,150
2025-07-10 09:40:47+05:30,25.25,225
2025-07-10 09:40:48+05:30,25.25,1800
2025-07-10 09:40:48+05:30,25.35,75
2025-07-10 09:40:49+05:30,25.05,75
2025-07-10 09:40:49+05:30,25.1,900
2025-07-10 09:40:50+05:30,25.0,1500
2025-07-10 09:40:51+05:30,25.05,300
2025-07-10 09:40:51+05:30,25.1,75
2025-07-10 09:40:52+05:30,25.1,225
2025-07-10 09:40:53+05:30,25.25,75
2025-07-10 09:40:53+05:30,25.3,750
2025-07-10 09:40:54+05:30,25.15,75
2025-07-10 09:40:54+05:30,25.2,75
2025-07-10 09:40:55+05:30,25.05,750
2025-07-10 09:40:56+05:30,24.9,300
2025-07-10 09:40:56+05:30,25.0,75
2025-07-10 09:40:57+05:30,25.0,675
2025-07-10 09:40:58+05:30,25.1,75
2025-07-10 09:40:58+05:30,25.15,75
2025-07-10 09:40:59+05:30,25.2,75
2025-07-10 09:40:59+05:30,25.15,150
2025-07-10 09:41:00+05:30,25.15,150
2025-07-10 09:41:00+05:30,24.95,75
2025-07-10 09:41:01+05:30,24.85,525
2025-07-10 09:41:01+05:30,24.85,225
2025-07-10 09:41:02+05:30,25.25,75
2025-07-10 09:41:03+05:30,25.0,75
2025-07-10 09:41:03+05:30,24.95,75
2025-07-10 09:41:04+05:30,25.0,75
2025-07-10 09:41:04+05:30,25.2,75
2025-07-10 09:41:05+05:30,25.1,75
2025-07-10 09:41:06+05:30,24.9,150
2025-07-10 09:41:06+05:30,24.95,150
2025-07-10 09:41:07+05:30,25.0,225
2025-07-10 09:41:08+05:30,25.3,300
2025-07-10 09:41:08+05:30,25.2,300
2025-07-10 09:41:09+05:30,24.9,150
2025-07-10 09:41:09+05:30,25.0,150
2025-07-10 09:41:10+05:30,24.8,225
2025-07-10 09:41:11+05:30,24.7,75
2025-07-10 09:41:11+05:30,24.8,750
2025-07-10 09:41:12+05:30,24.95,75
2025-07-10 09:41:13+05:30,25.05,75
2025-07-10 09:41:13+05:30,25.05,150
2025-07-10 09:41:14+05:30,25.05,450
2025-07-10 09:41:14+05:30,24.95,225
2025-07-10 09:41:15+05:30,24.65,75
2025-07-10 09:41:16+05:30,24.95,75
2025-07-10 09:41:16+05:30,24.95,150
2025-07-10 09:41:17+05:30,25.15,75
2025-07-10 09:41:18+05:30,24.95,75
2025-07-10 09:41:18+05:30,24.85,75
2025-07-10 09:41:19+05:30,25.15,450
2025-07-10 09:41:19+05:30,25.15,75
2025-07-10 09:41:20+05:30,25.15,150
2025-07-10 09:41:21+05:30,25.0,150
2025-07-10 09:41:21+05:30,25.0,75
2025-07-10 09:41:22+05:30,25.15,75
2025-07-10 09:41:23+05:30,25.15,225
2025-07-10 09:41:23+05:30,25.25,150
2025-07-10 09:41:24+05:30,25.5,1500
2025-07-10 09:41:24+05:30,25.95,150
2025-07-10 09:41:25+05:30,26.0,225
2025-07-10 09:41:26+05:30,25.8,75
2025-07-10 09:41:26+05:30,25.8,75
2025-07-10 09:41:27+05:30,25.95,75
2025-07-10 09:41:28+05:30,25.75,75
2025-07-10 09:41:28+05:30,25.65,150
2025-07-10 09:41:29+05:30,26.05,75
2025-07-10 09:41:29+05:30,25.85,75
2025-07-10 09:41:30+05:30,25.85,75
2025-07-10 09:41:30+05:30,25.65,75
2025-07-10 09:41:31+05:30,25.9,75
2025-07-10 09:41:31+05:30,25.8,150
2025-07-10 09:41:32+05:30,26.05,75
2025-07-10 09:41:33+05:30,26.1,300
2025-07-10 09:41:33+05:30,26.15,1800
2025-07-10 09:41:34+05:30,26.3,75
2025-07-10 09:41:34+05:30,26.35,75
2025-07-10 09:41:35+05:30,26.25,75
2025-07-10 09:41:36+05:30,26.05,300
2025-07-10 09:41:36+05:30,26.1,150
2025-07-10 09:41:37+05:30,25.95,600
2025-07-10 09:41:38+05:30,25.85,600
2025-07-10 09:41:38+05:30,25.85,75
2025-07-10 09:41:39+05:30,26.25,75
2025-07-10 09:41:39+05:30,26.15,150
2025-07-10 09:41:40+05:30,26.15,75
2025-07-10 09:41:41+05:30,25.9,75
2025-07-10 09:41:41+05:30,25.75,300
2025-07-10 09:41:42+05:30,25.65,675
2025-07-10 09:41:43+05:30,25.4,75
2025-07-10 09:41:43+05:30,25.3,825
2025-07-10 09:41:44+05:30,25.25,75
2025-07-10 09:41:44+05:30,25.35,75
2025-07-10 09:41:45+05:30,25.4,75
2025-07-10 09:41:46+05:30,25.75,375
2025-07-10 09:41:46+05:30,25.8,225
2025-07-10 09:41:47+05:30,25.45,225
2025-07-10 09:41:47+05:30,25.45,75
2025-07-10 09:41:48+05:30,25.65,75
2025-07-10 09:41:49+05:30,25.6,750
2025-07-10 09:41:49+05:30,25.65,1050
2025-07-10 09:41:50+05:30,25.55,75
2025-07-10 09:41:51+05:30,25.6,675
2025-07-10 09:41:51+05:30,25.6,300
2025-07-10 09:41:52+05:30,25.65,675
2025-07-10 09:41:52+05:30,25.5,75
2025-07-10 09:41:53+05:30,25.35,150
2025-07-10 09:41:54+05:30,25.45,75
2025-07-10 09:41:54+05:30,25.55,75
2025-07-10 09:41:55+05:30,25.55,75
2025-07-10 09:41:56+05:30,25.75,150
2025-07-10 09:41:56+05:30,25.8,75
2025-07-10 09:41:57+05:30,26.1,75
2025-07-10 09:41:57+05:30,26.15,75
2025-07-10 09:41:58+05:30,26.3,150
2025-07-10 09:41:59+05:30,26.75,75
2025-07-10 09:41:59+05:30,26.8,525
2025-07-10 09:42:00+05:30,26.8,525
2025-07-10 09:42:00+05:30,26.9,75
2025-07-10 09:42:01+05:30,27.1,75
2025-07-10 09:42:02+05:30,27.1,75
2025-07-10 09:42:02+05:30,27.45,150
2025-07-10 09:42:03+05:30,27.6,300
2025-07-10 09:42:04+05:30,27.7,75
2025-07-10 09:42:04+05:30,27.5,75
2025-07-10 09:42:05+05:30,27.75,75
2025-07-10 09:42:06+05:30,27.6,225
2025-07-10 09:42:06+05:30,27.55,450
2025-07-10 09:42:07+05:30,27.2,150
2025-07-10 09:42:07+05:30,27.35,75
2025-07-10 09:42:08+05:30,27.25,75
2025-07-10 09:42:09+05:30,27.4,150
2025-07-10 09:42:09+05:30,27.4,75
2025-07-10 09:42:10+05:30,27.35,300
2025-07-10 09:42:11+05:30,27.05,75
2025-07-10 09:42:11+05:30,27.1,300
2025-07-10 09:42:12+05:30,26.9,150
2025-07-10 09:42:12+05:30,27.05,75
2025-07-10 09:42:13+05:30,27.15,300
2025-07-10 09:42:14+05:30,27.4,300
2025-07-10 09:42:14+05:30,27.55,75
2025-07-10 09:42:15+05:30,27.5,75
2025-07-10 09:42:16+05:30,27.25,375
2025-07-10 09:42:16+05:30,27.3,525
2025-07-10 09:42:17+05:30,27.15,75
2025-07-10 09:42:17+05:30,26.75,75
2025-07-10 09:42:18+05:30,26.8,75
2025-07-10 09:42:19+05:30,27.0,450
2025-07-10 09:42:19+05:30,27.0,75
2025-07-10 09:42:20+05:30,26.9,225
2025-07-10 09:42:21+05:30,26.9,75
2025-07-10 09:42:21+05:30,26.95,75
2025-07-10 09:42:22+05:30,26.9,75
2025-07-10 09:42:22+05:30,27.1,450
2025-07-10 09:42:23+05:30,26.95,600
2025-07-10 09:42:24+05:30,27.0,75
2025-07-10 09:42:24+05:30,27.05,900
2025-07-10 09:42:25+05:30,27.15,150
2025-07-10 09:42:26+05:30,27.25,75
2025-07-10 09:42:26+05:30,27.25,75
2025-07-10 09:42:27+05:30,26.95,150
2025-07-10 09:42:27+05:30,26.95,75
2025-07-10 09:42:28+05:30,26.85,150
2025-07-10 09:42:29+05:30,26.75,75
2025-07-10 09:42:29+05:30,26.95,150
2025-07-10 09:42:30+05:30,26.95,150
2025-07-10 09:42:30+05:30,26.85,150
2025-07-10 09:42:31+05:30,26.9,75
2025-07-10 09:42:31+05:30,26.95,75
2025-07-10 09:42:32+05:30,26.8,225
2025-07-10 09:42:32+05:30,26.85,225
2025-07-10 09:42:33+05:30,26.9,75
2025-07-10 09:42:34+05:30,27.1,75
2025-07-10 09:42:34+05:30,27.2,225
2025-07-10 09:42:35+05:30,27.1,75
2025-07-10 09:42:36+05:30,27.0,75
2025-07-10 09:42:36+05:30,27.05,150
2025-07-10 09:42:37+05:30,27.2,750
2025-07-10 09:42:37+05:30,27.1,75
2025-07-10 09:42:38+05:30,27.05,75
2025-07-10 09:42:39+05:30,26.8,75
2025-07-10 09:42:39+05:30,26.95,75
2025-07-10 09:42:40+05:30,26.85,150
2025-07-10 09:42:41+05:30,26.8,150
2025-07-10 09:42:41+05:30,26.8,75
2025-07-10 09:42:42+05:30,26.55,75
2025-07-10 09:42:42+05:30,26.55,75
2025-07-10 09:42:43+05:30,26.7,150
2025-07-10 09:42:44+05:30,26.7,75
2025-07-10 09:42:44+05:30,26.8,75
2025-07-10 09:42:45+05:30,26.7,75
2025-07-10 09:42:46+05:30,26.85,75
2025-07-10 09:42:46+05:30,26.9,225
2025-07-10 09:42:47+05:30,27.0,75
2025-07-10 09:42:48+05:30,27.0,150
2025-07-10 09:42:49+05:30,26.95,75
2025-07-10 09:42:49+05:30,26.95,75
2025-07-10 09:42:50+05:30,27.0,150
2025-07-10 09:42:51+05:30,26.9,75
2025-07-10 09:42:51+05:30,26.95,150
2025-07-10 09:42:52+05:30,27.05,225
2025-07-10 09:42:52+05:30,27.05,75
2025-07-10 09:42:53+05:30,27.0,75
2025-07-10 09:42:54+05:30,27.4,150
2025-07-10 09:42:54+05:30,27.4,375
2025-07-10 09:42:55+05:30,27.95,225
2025-07-10 09:42:56+05:30,28.0,75
2025-07-10 09:42:56+05:30,27.9,75
2025-07-10 09:42:57+05:30,27.85,75
2025-07-10 09:42:57+05:30,28.0,150
2025-07-10 09:42:58+05:30,28.2,75
2025-07-10 09:42:59+05:30,27.8,225
2025-07-10 09:42:59+05:30,27.8,75
2025-07-10 09:43:00+05:30,27.8,75
2025-07-10 09:43:00+05:30,27.85,75
2025-07-10 09:43:01+05:30,27.75,150
2025-07-10 09:43:01+05:30,27.5,600
2025-07-10 09:43:02+05:30,27.55,225
2025-07-10 09:43:02+05:30,27.55,1500
2025-07-10 09:43:03+05:30,27.75,75
2025-07-10 09:43:04+05:30,27.45,225
2025-07-10 09:43:04+05:30,27.45,150
2025-07-10 09:43:05+05:30,27.45,75
2025-07-10 09:43:06+05:30,27.05,75
2025-07-10 09:43:06+05:30,26.95,75
2025-07-10 09:43:07+05:30,26.9,75
2025-07-10 09:43:07+05:30,27.05,375
2025-07-10 09:43:08+05:30,27.0,75
2025-07-10 09:43:09+05:30,26.75,75
2025-07-10 09:43:09+05:30,26.75,75
2025-07-10 09:43:10+05:30,26.2,75
2025-07-10 09:43:10+05:30,26.35,1050
2025-07-10 09:43:11+05:30,26.35,75
2025-07-10 09:43:12+05:30,26.75,150
2025-07-10 09:43:12+05:30,26.85,75
2025-07-10 09:43:13+05:30,26.65,75
2025-07-10 09:43:14+05:30,26.6,450
2025-07-10 09:43:14+05:30,26.6,525
2025-07-10 09:43:15+05:30,26.45,150
2025-07-10 09:43:15+05:30,26.6,75
2025-07-10 09:43:16+05:30,26.65,225
2025-07-10 09:43:17+05:30,26.35,75
2025-07-10 09:43:17+05:30,26.3,75
2025-07-10 09:43:18+05:30,26.45,75
2025-07-10 09:43:19+05:30,26.2,75
2025-07-10 09:43:19+05:30,26.0,75
2025-07-10 09:43:20+05:30,26.15,75
2025-07-10 09:43:20+05:30,26.0,75
2025-07-10 09:43:21+05:30,26.2,75
2025-07-10 09:43:22+05:30,26.3,75
2025-07-10 09:43:22+05:30,26.45,75
2025-07-10 09:43:23+05:30,26.25,525
2025-07-10 09:43:24+05:30,26.5,150
2025-07-10 09:43:24+05:30,26.45,75
2025-07-10 09:43:25+05:30,26.6,300
2025-07-10 09:43:25+05:30,25.95,75
2025-07-10 09:43:26+05:30,25.9,75
2025-07-10 09:43:27+05:30,25.95,75
2025-07-10 09:43:27+05:30,25.95,75
2025-07-10 09:43:28+05:30,26.1,75
2025-07-10 09:43:29+05:30,25.95,75
2025-07-10 09:43:29+05:30,26.1,75
2025-07-10 09:43:30+05:30,26.1,75
2025-07-10 09:43:30+05:30,26.4,150
2025-07-10 09:43:30+05:30,26.45,75
2025-07-10 09:43:31+05:30,26.45,375
2025-07-10 09:43:32+05:30,26.45,150
2025-07-10 09:43:32+05:30,26.55,75
2025-07-10 09:43:33+05:30,26.5,225
2025-07-10 09:43:34+05:30,26.65,75
2025-07-10 09:43:34+05:30,26.65,150
2025-07-10 09:43:35+05:30,26.6,75
2025-07-10 09:43:35+05:30,26.4,75
2025-07-10 09:43:36+05:30,25.9,75
2025-07-10 09:43:37+05:30,26.15,75
2025-07-10 09:43:37+05:30,26.3,75
2025-07-10 09:43:38+05:30,26.45,75
2025-07-10 09:43:39+05:30,26.45,75
2025-07-10 09:43:39+05:30,26.5,75
2025-07-10 09:43:40+05:30,25.9,75
2025-07-10 09:43:40+05:30,25.75,75
2025-07-10 09:43:41+05:30,25.45,150
2025-07-10 09:43:42+05:30,25.1,75
2025-07-10 09:43:42+05:30,25.0,75
2025-07-10 09:43:43+05:30,25.0,825
2025-07-10 09:43:44+05:30,24.35,750
2025-07-10 09:43:44+05:30,24.55,75
2025-07-10 09:43:45+05:30,24.75,75
2025-07-10 09:43:45+05:30,24.7,75
2025-07-10 09:43:46+05:30,24.5,225
2025-07-10 09:43:47+05:30,24.4,375
2025-07-10 09:43:47+05:30,24.55,150
2025-07-10 09:43:48+05:30,24.55,75
2025-07-10 09:43:49+05:30,24.7,75
2025-07-10 09:43:49+05:30,24.5,75
2025-07-10 09:43:50+05:30,24.7,900
2025-07-10 09:43:50+05:30,24.8,225
2025-07-10 09:43:51+05:30,25.0,75
2025-07-10 09:43:52+05:30,24.95,675
2025-07-10 09:43:52+05:30,25.05,150
2025-07-10 09:43:53+05:30,25.35,150
2025-07-10 09:43:54+05:30,25.25,150
2025-07-10 09:43:54+05:30,25.2,75
2025-07-10 09:43:55+05:30,24.95,75
2025-07-10 09:43:55+05:30,25.05,75
2025-07-10 09:43:56+05:30,25.15,225
2025-07-10 09:43:57+05:30,25.55,150
2025-07-10 09:43:57+05:30,25.6,75
2025-07-10 09:43:58+05:30,25.35,75
2025-07-10 09:43:59+05:30,25.35,225
2025-07-10 09:43:59+05:30,25.3,225
2025-07-10 09:44:00+05:30,25.3,225
2025-07-10 09:44:00+05:30,25.05,150
2025-07-10 09:44:00+05:30,25.05,150
2025-07-10 09:44:01+05:30,24.85,225
2025-07-10 09:44:02+05:30,24.85,150
2025-07-10 09:44:02+05:30,24.95,75
2025-07-10 09:44:03+05:30,24.95,150
2025-07-10 09:44:04+05:30,24.95,225
2025-07-10 09:44:04+05:30,24.9,150
2025-07-10 09:44:05+05:30,25.2,450
2025-07-10 09:44:05+05:30,25.45,225
2025-07-10 09:44:06+05:30,25.45,375
2025-07-10 09:44:07+05:30,25.5,225
2025-07-10 09:44:07+05:30,25.5,75
2025-07-10 09:44:08+05:30,25.25,75
2025-07-10 09:44:08+05:30,25.3,375
2025-07-10 09:44:09+05:30,25.5,375
2025-07-10 09:44:10+05:30,25.15,75
2025-07-10 09:44:10+05:30,25.0,75
2025-07-10 09:44:11+05:30,25.35,75
2025-07-10 09:44:12+05:30,26.15,225
2025-07-10 09:44:12+05:30,26.3,225
2025-07-10 09:44:13+05:30,26.2,75
2025-07-10 09:44:13+05:30,26.0,150
2025-07-10 09:44:14+05:30,25.9,300
2025-07-10 09:44:15+05:30,25.85,150
2025-07-10 09:44:15+05:30,25.7,375
2025-07-10 09:44:16+05:30,25.55,675
2025-07-10 09:44:17+05:30,25.7,75
2025-07-10 09:44:17+05:30,25.7,75
2025-07-10 09:44:18+05:30,25.85,225
2025-07-10 09:44:18+05:30,25.75,75
2025-07-10 09:44:19+05:30,25.9,150
2025-07-10 09:44:20+05:30,25.85,75
2025-07-10 09:44:20+05:30,25.9,75
2025-07-10 09:44:21+05:30,26.2,75
2025-07-10 09:44:22+05:30,25.8,150
2025-07-10 09:44:22+05:30,25.8,375
2025-07-10 09:44:23+05:30,25.45,75
2025-07-10 09:44:23+05:30,25.45,75
2025-07-10 09:44:24+05:30,25.7,150
2025-07-10 09:44:25+05:30,25.6,75
2025-07-10 09:44:25+05:30,25.55,75
2025-07-10 09:44:26+05:30,25.95,75
2025-07-10 09:44:26+05:30,26.1,75
2025-07-10 09:44:27+05:30,26.1,300
2025-07-10 09:44:28+05:30,25.9,75
2025-07-10 09:44:28+05:30,26.0,300
2025-07-10 09:44:29+05:30,25.95,75
2025-07-10 09:44:30+05:30,25.95,75
2025-07-10 09:44:30+05:30,26.0,375
2025-07-10 09:44:30+05:30,25.9,300
2025-07-10 09:44:31+05:30,25.95,150
2025-07-10 09:44:31+05:30,26.55,150
2025-07-10 09:44:32+05:30,26.6,375
2025-07-10 09:44:33+05:30,26.4,300
2025-07-10 09:44:33+05:30,26.25,75
2025-07-10 09:44:34+05:30,25.7,150
2025-07-10 09:44:35+05:30,25.5,300
2025-07-10 09:44:35+05:30,25.45,525
2025-07-10 09:44:36+05:30,25.5,75
2025-07-10 09:44:36+05:30,25.35,75
2025-07-10 09:44:37+05:30,25.25,75
2025-07-10 09:44:38+05:30,25.35,150
2025-07-10 09:44:38+05:30,25.45,150
2025-07-10 09:44:39+05:30,25.35,150
2025-07-10 09:44:40+05:30,25.1,150
2025-07-10 09:44:40+05:30,25.05,75
2025-07-10 09:44:41+05:30,25.15,450
2025-07-10 09:44:41+05:30,25.2,225
2025-07-10 09:44:42+05:30,25.2,150
2025-07-10 09:44:43+05:30,24.95,75
2025-07-10 09:44:43+05:30,25.05,75
2025-07-10 09:44:44+05:30,25.1,75
2025-07-10 09:44:44+05:30,25.1,150
2025-07-10 09:44:45+05:30,25.0,75
2025-07-10 09:44:46+05:30,25.05,375
2025-07-10 09:44:46+05:30,25.05,300
2025-07-10 09:44:47+05:30,25.25,150
2025-07-10 09:44:48+05:30,25.3,75
2025-07-10 09:44:48+05:30,25.3,750
2025-07-10 09:44:49+05:30,25.35,375
2025-07-10 09:44:49+05:30,25.4,450
2025-07-10 09:44:50+05:30,25.35,225
2025-07-10 09:44:51+05:30,25.4,150
2025-07-10 09:44:51+05:30,25.3,150
2025-07-10 09:44:52+05:30,24.85,75
2025-07-10 09:44:53+05:30,24.55,300
2025-07-10 09:44:53+05:30,24.55,225
2025-07-10 09:44:54+05:30,24.8,75
2025-07-10 09:44:55+05:30,25.05,75
2025-07-10 09:44:55+05:30,24.85,375
2025-07-10 09:44:56+05:30,24.85,300
2025-07-10 09:44:56+05:30,25.0,975
2025-07-10 09:44:57+05:30,25.1,75
2025-07-10 09:44:58+05:30,25.05,75
2025-07-10 09:44:58+05:30,25.2,75
2025-07-10 09:44:59+05:30,24.65,750
2025-07-10 09:45:00+05:30,25.05,75
2025-07-10 09:45:00+05:30,25.05,75
2025-07-10 09:45:00+05:30,25.2,75
2025-07-10 09:45:01+05:30,25.4,75
2025-07-10 09:45:01+05:30,25.55,75
2025-07-10 09:45:02+05:30,25.4,1125
2025-07-10 09:45:03+05:30,25.4,75
2025-07-10 09:45:03+05:30,25.2,300
2025-07-10 09:45:04+05:30,25.05,300
2025-07-10 09:45:04+05:30,25.0,75
2025-07-10 09:45:05+05:30,25.05,75
2025-07-10 09:45:06+05:30,25.2,150
2025-07-10 09:45:06+05:30,25.25,75
2025-07-10 09:45:07+05:30,25.3,75
2025-07-10 09:45:08+05:30,25.35,150
2025-07-10 09:45:08+05:30,25.6,75
2025-07-10 09:45:09+05:30,25.45,750
2025-07-10 09:45:09+05:30,25.35,75
2025-07-10 09:45:10+05:30,25.15,75
2025-07-10 09:45:11+05:30,25.45,300
2025-07-10 09:45:11+05:30,25.25,750
2025-07-10 09:45:12+05:30,25.1,150
2025-07-10 09:45:13+05:30,25.1,75
2025-07-10 09:45:13+05:30,25.0,75
2025-07-10 09:45:14+05:30,25.6,75
2025-07-10 09:45:14+05:30,26.0,75
2025-07-10 09:45:15+05:30,26.3,75
2025-07-10 09:45:16+05:30,26.5,375
2025-07-10 09:45:17+05:30,26.45,150
2025-07-10 09:45:18+05:30,26.95,750
2025-07-10 09:45:18+05:30,27.2,75
2025-07-10 09:45:19+05:30,27.1,300
2025-07-10 09:45:19+05:30,26.95,1275
2025-07-10 09:45:20+05:30,27.0,150
2025-07-10 09:45:21+05:30,26.6,225
2025-07-10 09:45:21+05:30,26.65,75
2025-07-10 09:45:22+05:30,26.7,75
2025-07-10 09:45:23+05:30,26.75,225
2025-07-10 09:45:23+05:30,26.85,75
2025-07-10 09:45:24+05:30,26.8,75
2025-07-10 09:45:24+05:30,26.8,75
2025-07-10 09:45:25+05:30,26.7,75
2025-07-10 09:45:26+05:30,27.2,150
2025-07-10 09:45:26+05:30,27.15,225
2025-07-10 09:45:27+05:30,27.1,75
2025-07-10 09:45:28+05:30,26.55,75
2025-07-10 09:45:28+05:30,26.55,300
2025-07-10 09:45:29+05:30,26.45,75
2025-07-10 09:45:29+05:30,26.35,75
2025-07-10 09:45:30+05:30,26.35,75
2025-07-10 09:45:30+05:30,26.05,75
2025-07-10 09:45:31+05:30,25.55,75
2025-07-10 09:45:31+05:30,25.65,75
2025-07-10 09:45:32+05:30,25.9,450
2025-07-10 09:45:33+05:30,25.75,300
2025-07-10 09:45:33+05:30,25.75,75
2025-07-10 09:45:34+05:30,25.7,75
2025-07-10 09:45:34+05:30,25.95,75
2025-07-10 09:45:35+05:30,25.8,150
2025-07-10 09:45:36+05:30,25.85,75
2025-07-10 09:45:36+05:30,25.8,75
2025-07-10 09:45:37+05:30,25.6,150
2025-07-10 09:45:38+05:30,25.55,825
2025-07-10 09:45:38+05:30,25.55,75
2025-07-10 09:45:39+05:30,25.7,75
2025-07-10 09:45:39+05:30,26.0,75
2025-07-10 09:45:40+05:30,26.2,75
2025-07-10 09:45:41+05:30,26.1,75
2025-07-10 09:45:41+05:30,26.25,75
2025-07-10 09:45:42+05:30,26.65,75
2025-07-10 09:45:43+05:30,26.55,225
2025-07-10 09:45:43+05:30,26.55,525
2025-07-10 09:45:44+05:30,26.9,75
2025-07-10 09:45:44+05:30,26.85,75
2025-07-10 09:45:45+05:30,26.95,150
2025-07-10 09:45:46+05:30,26.9,675
2025-07-10 09:45:46+05:30,27.0,150
2025-07-10 09:45:47+05:30,27.15,75
2025-07-10 09:45:48+05:30,27.0,75
2025-07-10 09:45:48+05:30,27.0,75
2025-07-10 09:45:49+05:30,26.9,75
2025-07-10 09:45:49+05:30,26.7,75
2025-07-10 09:45:50+05:30,26.75,75
2025-07-10 09:45:51+05:30,26.55,150
2025-07-10 09:45:51+05:30,26.55,75
2025-07-10 09:45:52+05:30,26.8,75
2025-07-10 09:45:53+05:30,26.9,75
2025-07-10 09:45:53+05:30,27.1,75
2025-07-10 09:45:54+05:30,27.15,75
2025-07-10 09:45:54+05:30,27.05,75
2025-07-10 09:45:55+05:30,27.45,75
2025-07-10 09:45:56+05:30,27.15,225
2025-07-10 09:45:56+05:30,27.25,75
2025-07-10 09:45:57+05:30,27.0,75
2025-07-10 09:45:58+05:30,26.95,150
2025-07-10 09:45:58+05:30,26.9,75
2025-07-10 09:45:59+05:30,26.75,75
2025-07-10 09:45:59+05:30,26.65,225
